1714 2807
344 154 360 185 r
374 153 391 202 ς
407 156 427 183 2
445 136 755 184 TREEELLH
775 135 1091 183 POLLIONIS
1112 136 1233 184 DlV.
1251 137 1579 190 CLAUDIUS·

331 247 442 308 giuti
471 247 645 305 quinque
667 261 682 290 :
721 247 865 290 calices
901 248 1159 306 AEgyptios‚
1199 247 1401 307 operisqite
1432 249 1582 312 diversi
1595 256 1613 303 ‚'

333 320 462 362 decem
481 334 497 363 .·
522 319 758 378 chlamydes
788 319 871 362 veri
903 319 1074 362 luminis
1102 319 1296 364 limbatas
1326 321 1431 363 duas
1448 336 1464 364 .·
1493 321 1610 385 vestes

332 389 514 448 diversas
535 390 738 447 sedecim,
768 390 906 434 albam
924 388 1204 449 subsericam,
1225 394 1508 450 paragaudem
1536 395 1612 437 tri·

333 480 473 506 uncem
505 479 633 507 unam
650 496 663 518 ,
682 463 862 523 zanchas
889 464 937 507 de
957 462 1106 525 nostris
1132 463 1342 507 Parthicis
1356 466 1478 522 paria.
1500 466 1583 508 tria
1598 497 1614 519 ,

321 534 576 598 stngiliones
606 535 905 595 Dalmatenses
929 536 1079 590 decem,
1106 538 1362 595 chlamydem
1385 539 1613 582 Dardani-

336 625 426 652 cam
455 612 699 653 mantuelem
724 626 879 663 unam,
911 611 1107 668 penulam
1138 611 1429 667 Illyricianam
1457 628 1614 665 unam,

308 676 667 726 'bardocucullum
694 698 850 737 unum,
870 683 1032 726 cucutia
1062 682 1209 739 villosa
1223 672 1331 738 Euo,
1360 684 1496 727 oraria
1525 687 1614 726 Sa·-

337 758 516 800 rabdena
545 771 719 814 quatuor
735 771 752 799 :
782 771 926 799 aureos
951 757 1195 800 Valerianos
1225 771 1381 801 centum
1406 756 1616 816 quinqua-

335 830 455 890 ginta
474 844 490 871 :
516 830 675 872 trientes
703 826 1013 872 Saloninianos
1034 842 1240 872 trecentos.

419 899 584 945 XVlll.
606 896 774 943 Habuit
797 899 845 944 δι
864 897 1048 944 Senatus
1074 897 1264 956 judicia,
1288 897 1536 960 priusquam
1563 898 1617 945 ad

337 971 575 1034 imperium
600 971 882 1033 perveniret,
898 970 1108 1034 ingentia.
1133 987 1232 1016 nam
1249 988 1349 1018 cum
1375 971 1477 1018 effet
1498 988 1620 1017 nun-

338 1045 523 1102 tiatum,
554 1044 680 1090 illum
717 1060 819 1090 cum
850 1042 1084 1090 Macriano
1113 1043 1290 1089 fortiter
1319 1056 1474 1090 contra
1512 1060 1621 1107 gen-

338 1129 405 1164 tes
425 1117 469 1162 in
491 1115 680 1179 Illyrico
701 1113 922 1162 dimicasse
937 1150 949 1171 ‚
973 1114 1236 1163 acclamavit
1254 1116 1463 1162 Senatus:
1490 1121 1619 1163 Clau·-

341 1189 749 1252 dihduxfortiffime
763 1224 776 1246 ,
802 1191 951 1234 lzabeas
966 1187 986 1233 Ι
1011 1191 1249 1235 Virtutibus
1275 1192 1357 1235 tuis
1371 1223 1384 1246 ‚
1410 1192 1621 1235 devotioni

339 1282 432 1312 tuae.
463 1267 638 1310 Claudio
655 1265 842 1329 statuam
871 1281 1008 1310 omnes
1032 1266 1233 1310 dicamus.
1262 1267 1481 1310 Claudium
1513 1267 1623 1309 Com·

330 1340 470 1401 sulem
485 1356 624 1383 omnes
640 1341 839 1398 cupimus.
861 1338 952 1398 Qui
968 1353 1085 1383 amat
1103 1340 1386 1397 rempublicam
1400 1372 1412 1394 ‚
1421 1337 1487 1400 sic
1503 1341 1590 1399 agit
1602 1354 1619 1383 .-

340 1413 413 1471 qui
444 1426 561 1456 arnae
587 1411 829 1470 Principes,
840 1408 905 1472 stc
931 1411 1034 1470 agit.
1061 1413 1246 1468 Antiqui
1278 1413 1429 1454 milites
1436 1410 1502 1472 fic
1531 1428 1621 1470 ege-

343 1499 454 1529 runt.
485 1484 656 1528 Felicem
685 1498 744 1538 te,
769 1484 947 1538 Claudi,
973 1481 1136 1536 judicio
1166 1484 1432 1541 Principum,
1457 1481 1621 1539 felicem

343 1572 379 1601 te
409 1557 627 1601 virtutibus
653 1558 768 1611 tuis,
801 1555 1018 1614 Consulem
1050 1570 1107 1611 te,
1138 1570 1172 1599 te
1202 1553 1449 1612 Praefeflum.
1486 1557 1527 1597 V
1528 1556 1623 1600 ivas

348 1631 394 1673 V
392 1630 539 1673 alerie:
558 1629 707 1672 ameris
727 1645 753 1671 a
773 1627 977 1686 Principe.
999 1626 1204 1687 Longum
1225 1625 1286 1670 est
1303 1660 1315 1680 ‚
1338 1638 1425 1671 tam
1457 1625 1592 1671 multa
1607 1660 1623 1684 ,

342 1716 476 1762 quam
503 1700 668 1746 meruit
688 1700 760 1745 vir
779 1699 880 1757 ille,
899 1698 1197 1761 perscribere:
1221 1714 1358 1744 unum
1385 1710 1530 1742 tamen
1555 1709 1623 1743 ta-

347 1788 448 1818 cere
474 1788 566 1818 non
593 1772 738 1819 debeo
753 1808 765 1829 ‚
784 1772 907 1833 quod
935 1772 1060 1817 illum
1093 1773 1140 1818 &
1159 1771 1343 1816 Senatus
1358 1804 1372 1827 ‚
1391 1772 1438 1816 ὃ(
1472 1785 1630 1830 p0pu-=

346 1844 441 1903 lus,
461 1858 561 1891 ante
575 1845 812 1907 imperium
827 1881 840 1903 ,
859 1847 906 1892 ὅ(
923 1845 968 1891 in
983 1844 1193 1906 imperio,
1207 1846 1253 1890 ὃ(
1276 1842 1372 1903 post
1387 1843 1622 1904 imperium

345 1917 406 1965 fic
435 1917 620 1974 dilexit,
646 1930 694 1964 ut
723 1918 821 1964 satis
845 1918 1043 1975 constet,
1074 1934 1220 1978 neque
1248 1914 1515 1976 Trajanum,
1544 1929 1624 1960 ne-

345 2008 434 2054 que
455 1991 741 2050 Antoninos,
757 2008 900 2055 neque
924 2007 1194 2054 quemquam
1212 1990 1345 2037 alium
1370 1987 1623 2050 Principem

348 2063 408 2114 fic
428 2076 638 2112 amatum.
