1637 2785
270 129 465 174 FLAvu
502 128 742 174 VOPISC1
776 128 1136 176 FLomANUS.
1269 146 1358 194 203

71 236 176 283 (lum
209 235 431 284 tricenum
458 251 516 282 ex
545 252 798 293 marmore,
825 236 950 300 quod
978 237 1069 284 illic
1100 252 1259 283 eorum
1287 253 1366 284 ce-

74 308 307 371 notaphia'
325 308 567 356 constituta
595 309 695 355 sunt
724 310 769 355 in
800 310 900 356 solo
932 310 1148 373 proprio:
1181 310 1253 357 sed
1286 311 1366 356 de-

73 382 198 442 jectae
229 380 419 426 fulmine
454 379 512 425 ita
542 380 752 427 contritae
773 381 902 440 sunt,
920 394 970 427 ut
989 381 1268 428 membratim
1294 380 1369 443 ja·-¹

75 467 204 501 ceant
242 453 490 515 diffiparae:
535 470 628 516 quo
663 465 870 517 tempore
913 454 1173 517 responsum
1213 454 1274 500 est
1312 454 1368 500 ab

75 526 410 589 haruspicibus,
431 528 705 590 quandoque
735 544 790 574 ex
823 543 983 574 eorum
1021 526 1186 574 familia
1217 529 1369 588 Impe-

72 619 270 650 ratorem
301 604 557 649 Romanum
577 602 775 650 futurum
793 639 807 662 ‚
825 603 900 651 seu
932 620 1013 666 per
1035 603 1273 661 feminam,
1292 602 1369 648 seu

74 693 153 736 per
188 675 364 732 virum,
393 675 468 738 qui
503 676 575 722 det
606 675 779 737 judices
806 677 980 724 Parthis
1012 694 1062 724 ac
1099 675 1265 733 Persis,
1293 675 1370 737 qui

74 753 270 800 Francos
289 752 337 798 &
359 752 634 797 Alemannos
655 752 733 797 sub
749 751 973 799 Romanis
994 750 1163 814 legibus
1180 751 1370 807 habeat,

75 826 151 887 qui
184 841 263 886 per
291 842 473 872 omnem
503 825 699 872 Africam
727 826 965 873 barbarum
993 843 1089 874 non
1117 825 1372 888 relinquat,

75 897 153 958 qui
176 898 462 960 Taprobanis
488 899 532 944 f.
551 899 720 944 §sidem
746 899 952 961 imponat
969 935 982 957 ‚
1011 898 1090 962 qui
1118 898 1172 945 ad
1201 899 1374 944 Roma-

79 987 179 1017 nam
224 971 412 1017 insulam
459 971 778 1019 proconsulem
823 972 970 1018 mittat
989 1007 1003 1030 ‚
1043 971 1124 1035 qui
1161 971 1374 1016 Sarmatis

78 1044 294 1093 omnibus
323 1045 519 1106 judicet,
547 1045 626 1108 qui
655 1059 819 1092 terram
853 1062 1062 1105 omnem,
1098 1062 1188 1109 qua
1221 1046 1376 1092 Ocea-

78 1134 142 1162 no
165 1116 358 1163 ambitur
373 1153 386 1175 ‚
414 1117 555 1179 captis
575 1117 787 1164 omnibus
808 1118 1017 1181 gentibus
1033 1154 1047 1176 ,
1065 1118 1183 1164 suam
1212 1116 1375 1173 faciat,
1422 1147 1430 1150 -

78 1191 231 1251 postea
249 1203 399 1237 tamen
422 1191 602 1237 Senatui
631 1191 783 1237 reddat
808 1180 1050 1253 imperium
1066 1226 1080 1248 ‚
1102 1193 1151 1239 δε
1175 1190 1376 1252 antiquis

77 1262 249 1327 legibus
272 1261 430 1320 vivat,
456 1262 546 1324 ipse
575 1262 774 1309 victurus
806 1263 931 1309 annis
965 1275 1146 1309 centum
1182 1262 1378 1325 viginti,

79 1338 130 1384 ὃ(
150 1335 243 1382 fine
272 1335 434 1383 herede
459 1334 723 1382 moriturus.
751 1339 974 1382 Futurum
998 1348 1145 1382 autem
1173 1352 1276 1381 eum
1305 1335 1377 1380 di-

81 1424 246 1456 xerunt
282 1427 307 1456 a
337 1409 409 1455 die
449 1408 637 1455 fulmine
674 1409 962 1470 praecipitatis
992 1407 1228 1473 statuisque
1260 1424 1379 1456 con-

79 1482 233 1530 fraffis
265 1483 364 1546 post
389 1499 534 1529 annos
564 1482 703 1529 mille.
730 1484 841 1528 Non
873 1499 1031 1546 magna
1064 1484 1162 1530 haec
1194 1481 1379 1528 urbani-

80 1571 146 1603 tas
173 1557 465 1618 haruspicum
494 1557 604 1610 fuit,
623 1556 702 1619 qui
724 1556 978 1620 Principem
1000 1557 1134 1604 talem
1159 1557 1260 1620 post
1279 1556 1378 1602 mil-

80 1630 121 1675 le
148 1646 293 1676 annos
320 1628 522 1676 futurum
552 1629 637 1676 effe
669 1630 907 1687 d1xerunt,
926 1630 1031 1694 quia
1047 1666 1061 1689 ,
1084 1631 1117 1676 fi
1142 1632 1242 1692 post
1266 1646 1378 1677 cen-

81 1720 176 1751 tum
201 1721 347 1751 annos
374 1705 671 1767 praedicerent
692 1704 818 1763 fore,
838 1705 1016 1767 poffent
1035 1721 1196 1752 eorum
1216 1704 1380 1766 depre-

81 1780 216 1825 hendi
236 1780 490 1834 mendacia.
505 1797 608 1828 cum
629 1781 707 1826 vix
730 1797 958 1827 remanere
977 1780 1074 1828 talis
1088 1779 1221 1842 poffit
1240 1778 1379 1824 histo·

83 1853 162 1898 ria.
184 1854 280 1916 Ego
299 1866 446 1898 tamen
468 1853 567 1900 haec
588 1853 764 1899 idcirco
782 1852 1015 1898 inserenda
1038 1851 1265 1901 volumini
1284 1866 1380 1898 cre-

83 1925 209 1980 didi,
236 1941 292 1971 ne
317 1926 447 1988 quis,
479 1943 550 1973 me
576 1926 756 1990 legens,
782 1925 931 1990 legiffe
960 1942 1055 1970 non
1086 1926 1304 1972 crederet.

166 2001 239 2045 111.
268 2000 452 2047 Tacitus
488 2000 771 2063 congiarium
802 2000 978 2062 populo
1007 2000 1222 2046 Romano
1262 1999 1379 2044 intra

87 2071 161 2118 sex
181 2071 350 2117 menses
371 2071 449 2117 vix
471 2071 606 2119 dedit.
624 2075 774 2135 Imago
793 2070 887 2133 ejus
906 2072 1047 2133 pofita
1074 2071 1136 2117 est
1161 2071 1206 2116 in
1230 2071 1381 2130 Quin-

87 2145 292 2190 tiliorum
309 2144 395 2200 ,·in
417 2161 503 2191 una
526 2146 703 2203 tabula,
727 2145 1004 2209 quincuplex
1021 2180 1034 2202 ,
1061 2144 1108 2191 in
1134 2160 1220 2207 qua
1248 2142 1381 2204 seme}

88 2230 294 2281 togatus,
316 2217 447 2264 semel
480 2219 819 2283 chlamydatus,
846 2219 980 2266 semel
1009 2230 1227 2272 armatus,
1246 2217 1381 2263 semel

89 2292 323 2355 palliatus,
344 2292 477 2338 semel
506 2293 747 2340 venatorio
777 2293 949 2340 habitu.
973 2293 1049 2340 De
1076 2309 1164 2356 qua
1196 2291 1379 2354 quidam

89 2365 499 2428 epigrammatarius
527 2367 585 2412 ita
613 2368 736 2423 iniit,
768 2383 816 2415 ut
848 2367 1045 2424 diceret,
1067 2370 1168 2413 Norz
1201 2366 1380 2428 agnosco

77 2443 221 2499 senem
242 2456 451 2488 armatum
466 2476 480 2499 ‚
498 2460 584 2488 non
609 2445 923 2503 c.³zl.zs·fzy.l.ztunz
935 2477 950 2502 ‚
970 2441 1088 2489 inter
1115 2452 1260 2489 cetera
1276 2441 1384 2499 ,fid
