1637 2785
202 142 712 229 ALEXANDER
754 176 1124 227 SEVERUS.
1224 196 1308 246 275

51 287 144 346 vit,
174 305 274 335 cum
292 283 505 344 Traianus
528 283 571 329 id
600 300 693 329 non
718 282 911 340 fecisset,
935 283 1004 330 sed
1031 284 1186 332 diebus
1215 285 1321 333 solia

50 359 302 422 deputasset.
333 354 556 402 Antonini
587 355 801 402 Caracalli
826 355 1018 402 thermas
1046 357 1205 403 additis
1225 357 1324 404 sor-

49 432 248 478 tionibus
279 427 461 491 perfecit
485 462 499 485 ,
528 429 576 474 &
603 427 794 474 ornavit.
821 427 1171 474 Alexandrinum
1206 445 1322 491 opus

49 503 283 552 marmoris
302 538 314 557 ‚
339 503 393 548 de
428 502 603 547 duobus
633 502 956 557 marmoribus,
984 502 1075 548 hoc
1099 502 1161 547 est
1177 538 1187 558 ,
1207 504 1324 549 Por-

51 577 292 643 phyretico
321 577 369 622 &
401 569 772 630 Lacedaemonio,
807 574 976 635 primus
1001 573 1218 631 instituit,
1237 577 1324 621 Pa-

51 652 160 700 latio
203 659 423 697 exornato
466 648 556 694 hoc
600 662 759 709 genere
795 646 1112 692 marmorandi.
1152 647 1326 695 Statuas

52 723 240 773 colossas
266 722 310 768 in
329 722 450 768 Urbe
476 720 634 766 multas
654 719 844 777 locavit,
863 717 1104 765 artificibus
1124 720 1325 784 undique

54 795 328 860 conquisitis,
356 793 594 841 Alexandri
625 792 777 838 babitu
807 807 1014 838 nummos
1037 791 1256 854 plurimos
1275 791 1329 839 fi·-

51 865 252 932 guravit;
275 868 325 914 &
351 865 530 929 quidem
558 864 769 911 eleftreos
790 857 1042 928 aliquantos
1057 900 1070 922 ‚
1090 864 1162 912 sed
1183 865 1330 928 pluri-

53 956 151 987 mos
187 950 332 985 tamen
372 953 545 984 aureos.
573 938 612 982 A
647 935 904 982 mulieribus
933 935 1107 983 famosis
1143 950 1328 987 matrem

53 1016 102 1062 δι
119 1029 308 1060 uxorem
332 1011 447 1058 suam
468 1009 637 1056 salutari
660 1008 820 1056 vetuit.
849 1009 1112 1056 Conciones
1134 1010 1180 1056 in
1202 1012 1327 1059 Urbe

53 1086 212 1133 multas
245 1083 396 1132 habuit
420 1099 548 1131 more
567 1094 771 1130 veterum
801 1081 1111 1130 Tribunorum
1132 1084 1181 1131 &
1199 1085 1329 1131 Con-

55 1159 211 1207 sulum.

119 1232 293 1280 XXVI.
328 1228 619 1294 Congiarium
655 1227 829 1291 populo
863 1239 930 1275 ter
969 1227 1120 1286 dedit,
1150 1229 1332 1278 donati·

57 1323 164 1356 vum
190 1303 399 1352 militibus
433 1316 523 1349 ter:
547 1318 722 1350 carnem
752 1302 925 1365 populo
950 1302 1132 1352 addidit.
1167 1304 1333 1353 Usuras

58 1377 382 1426 foeneratorum
403 1374 630 1422 contraxit
650 1373 704 1420 ad
724 1373 904 1421 trientes
921 1375 1153 1436 pensiones
1167 1412 1180 1434 ‚
1199 1376 1333 1426 etiam

58 1449 324 1514 pauperibus
353 1446 600 1494 consulens.
638 1447 873 1493 Senatores
906 1446 934 1493 fi
971 1447 1334 1508 foenerarentur,

59 1524 210 1572 usuras
233 1521 431 1583 accipere
459 1519 604 1582 primo
637 1519 812 1576 vetuit,
839 1520 918 1565 nifi
950 1520 1115 1583 aliquid
1137 1521 1357 1572 muneris¹

61 1597 185 1647 causa
216 1596 500 1657 acciperent:
539 1593 692 1656 postea
727 1606 876 1640 tamen
912 1592 1031 1655 juffit
1067 1595 1110 1640 in
1149 1597 1336 1647 semiss'es

59 1669 314 1732 acciperent
341 1670 509 1715 donum
531 1702 544 1725 ‚
573 1683 732 1712 munus
761 1680 907 1713 tamen
947 1666 1130 1715 sustulit.
1164 1670 1336 1719 Statuas

62 1746 334 1792 summorum
357 1741 560 1789 virorum
580 1741 624 1786 in
655 1739 757 1786 fero
775 1740 955 1801 Traiani
981 1741 1230 1789 collocavit
1247 1762 1336 1792 un-

62 1818 197 1880 dique
233 1814 477 1861 translatas.
513 1814 695 1859 Paulum
730 1814 779 1859 &
809 1814 1052 1874 Ulpianum
1089 1814 1134 1860 in
1170 1833 1339 1880 magno

63 1889 240 1934 honore
268 1885 441 1931 habuit:
463 1900 577 1948 quos
597 1883 829 1931 Praefectos
855 1885 911 1930 ab
937 1885 1236 1949 Heliogabalo
1260 1889 1338 1938 alii

62 1961 220 2007 dicunt
240 1958 400 2016 factos,
424 1958 497 2005 alii
514 1957 566 2004 ab
594 1956 704 2018 ipso.
722 1973 820 2003 nam
841 1958 890 2004 &
908 1957 1184 2007 consiliarius
1204 1961 1340 2009 Alex-

64 2034 222 2091 andri,
251 2035 298 2080 &
325 2032 525 2096 magister
554 2031 699 2077 scrinii
727 2030 945 2091 Ulpianus
974 2029 1099 2078 fuiffe
1132 2035 1342 2093 perhibe-

69 2119 166 2154 tur:
185 2106 260 2168 qui
287 2118 432 2166 tamen
459 2105 592 2151 ambo
619 2103 838 2150 assessores
866 2103 1096 2166 Papiniani
1120 2104 1248 2152 fuiffe
1273 2107 1341 2154 di-

71 2193 246 2229 cuntur.
289 2176 508 2225 Basilicam
552 2176 895 2232 Alexandrinam
935 2176 1180 2223 instituerat
1224 2178 1342 2227 inter

71 2269 277 2315 campum
313 2251 521 2303 Martium
540 2286 554 2309 ‚
583 2253 630 2298 &
663 2250 778 2313 septa
807 2249 1111 2315 Agrippiana,
1130 2249 1175 2296 in
1202 2250 1342 2300 latum

75 2329 235 2391 pedum
276 2337 451 2372 centum
475 2359 489 2381 ‚
527 2324 573 2370 in
614 2317 991 2387 longum‘pedum
1028 2322 1178 2381 mille,
1205 2323 1266 2371 ita
1293 2339 1345 2374 ut

76 2409 170 2450 tQta
196 2396 418 2444 columnis
439 2396 674 2459 penderet:
697 2411 828 2457 quam
855 2395 1030 2441 efficere
1051 2410 1145 2441 non
1169 2395 1344 2457 potuit,

76 2482 220 2521 morte
249 2483 520 2535 praeventus.
547 2468 677 2516 Ilium
701 2470 752 2518 &
773 2467 999 2532 Serapium
1030 2467 1237 2516 decenter
1263 2484 1347 2527 οῖς

960 2540 986 2585 S
1026 2554 1051 2586 2
