1714 2807
296 147 385 208 ¹53
505 142 1379 192 AELIISPARTIANI

292 263 485 297 terarum
506 253 553 299 &
572 251 738 298 militiae
760 253 907 301 officia
929 255 983 301 ad
1001 254 1237 317 imperium
1258 254 1458 317 plurimis
1477 272 1572 320 gra-

293 324 424 370 dibus
453 322 633 371 fortuna
657 325 869 384 duxisset,
905 329 1064 374 Omnia
1093 327 1416 392 (inquit)fui‚
1440 327 1482 376 6·
1505 331 1574 375 ni·

294 397 360 441 hil
381 396 563 456 expedit.

360 470 486 516 X1X.
508 468 640 516 Periit
663 471 853 519 Eboraci
875 474 920 519 in
948 473 1196 529 Britannia,
1220 474 1405 521 subaftis
1428 472 1576 537 genti-

295 540 407 597 bus,
426 557 524 604 quae
550 541 788 589 Britanniae
823 544 1088 590 videbantur
1117 544 1311 603 infestae,
1340 562 1461 592 anno
1492 545 1576 590 im-

296 614 411 676 perii
439 615 614 661 decimo
645 618 836 672 oeiavo,
863 620 1025 664 morbo
1055 618 1312 681 gravissimo
1339 619 1577 666 extiinfhis

296 687 385 747 jam
415 687 560 734 senex.
578 689 777 752 Reliquit
799 689 916 736 filios
945 692 1085 747 duos·‚
1107 692 1388 737 Antoninum
1420 691 1577 738 Baffia·

299 777 408 806 num
431 762 478 808 &
498 763 656 807 Getam
672 797 686 818 ,
705 763 937 824 cui&ips1
953 798 965 819 ‚
987 763 1270 809 inhonorem
1295 763 1462 820 Marci,
1481 766 1575 809 An·

298 834 450 880 tonini
483 851 649 880 nomen
671 834 898 897 imposuit.
923 836 1070 881 lllatus
1101 836 1303 898 sepuicro
1326 836 1464 883 Marci
1488 838 1579 880 An·

299 906 469 962 tonini,
489 923 620 968 quem
640 924 697 953 ex
714 909 925 954 omnibus
944 910 1290 969 imperatoribus
1308 920 1475 955 tantum
1498 924 1579 954 co-

300 978 406 1032 luit,
434 991 482 1025 ut
510 983 559 1026 &
585 981 891 1027 Commodum
922 982 967 1027 in
998 983 1151 1028 Divos
1176 981 1387 1039 referret,
1415 984 1462 1028 &
1486 983 1580 1027 An·

299 1052 450 1098 tonini
477 1069 641 1099 nomen
668 1055 878 1101 omnibus
904 1054 1114 1118 deinceps
1147 1056 1266 1118 quasi
1291 1054 1474 1117 Augusti
1505 1054 1581 1099 ad-

302 1124 581 1171 scribendum
610 1140 796 1189 putaret.
824 1129 904 1190 Ipsi
936 1145 959 1175 a
992 1131 1183 1186 Senatu,
1214 1147 1236 1175 a
1269 1129 1504 1192 gentilibus
1525 1128 1581 1172 li-

302 1198 510 1262 berisque
547 1198 643 1259 ejus
679 1199 810 1246 funus
849 1202 1156 1262 ampiiffimum
1189 1202 1437 1248 exhibitum
1475 1200 1585 1260 fuir,

304 1283 439 1332 atque
464 1271 579 1317 inter
600 1271 756 1319 Divos
780 1272 839 1319 est
869 1273 1043 1320 relatu&
1072 1276 1223 1335 Opera
1255 1274 1432 1335 publica
1461 1272 1586 1331 eju5‚

305 1344 533 1407 praecipue
559 1346 746 1403 Romae,
777 1346 972 1403 exstant,
997 1348 1297 1409 Septizonium
1327 1351 1373 1394 &
1403 1347 1586 1392 thermae

308 1415 563 1462 severianae
578 1452 591 1474 ‚
612 1416 706 1478 ejus
737 1416 928 1480 denique
959 1417 1088 1463 etiam
1110 1420 1204 1465 Jani
1225 1418 1269 1465 in
1290 1417 1586 1464 Transtiberi-

308 1504 367 1534 na
396 1489 581 1551 regione
617 1490 671 1535 ad
703 1503 882 1551 portam
911 1491 1106 1537 nominis
1140 1491 1232 1547 sui,
1262 1507 1456 1554 quorum
1489 1489 1587 1534 for-

308 1577 383 1611 ma
417 1560 683 1608 intercidens
713 1562 854 1608 statim
889 1562 1011 1608 usum
1049 1564 1275 1625 pubiicum
1307 1561 1481 1608 invidit.
1511 1563 1588 1607 Ju-

311 1632 479 1679 dicium
507 1633 560 1678 de
587 1649 645 1679 eo
673 1633 770 1695 post
798 1647 988 1680 mortem
1019 1652 1226 1697 magnum
1252 1635 1453 1680 omnium
1484 1631 1589 1678 fuit:

312 1705 509 1752 maxime
535 1707 660 1768 quod
681 1707 754 1753 diu
783 1724 864 1754 nec
885 1724 907 1753 a
932 1705 1032 1753 filiis
1062 1707 1156 1767 ejus
1184 1707 1293 1753 boni
1316 1706 1482 1768 aliquid
1502 1704 1590 1751 rei·

312 1778 507 1841 pubiicae
537 1779 690 1835 venit,
712 1780 760 1826 &
787 1779 935 1841 postea
966 1779 1280 1825 invadentibus
1307 1779 1453 1825 mustis
1477 1794 1592 1824 rem-

314 1850 541 1912 publicam
585 1868 654 1898 res
691 1853 892 1898 Romana
938 1853 1229 1914 praedonibus
1269 1851 1458 1912 direptui
1497 1850 1593 1896 fuit.

314 1923 506 1970 Hieram
527 1924 694 1988 exiguis
720 1926 910 1972 vestibus
937 1926 1038 1973 usus
1058 1927 1143 1983 est,
1166 1938 1212 1970 ut
1233 1926 1305 1970 vix
1329 1925 1478 1969 tunica
1501 1922 1592 1983 ejus

316 1995 485 2058 aliquid
514 2013 722 2058 purpurae
761 1998 966 2055 haberet,
997 2000 1044 2044 δι
1081 2015 1182 2044 cum
1214 1997 1326 2043 hirta
1355 1996 1594 2059 chlamyde

316 2067 531 2114 humeros
568 2068 757 2116 velaret:
788 2069 874 2115 cibi
911 2070 1212 2129 parcissimus,
1252 2068 1486 2130 leguminis
1517 2083 1594 2127 pa·

315 2132 395 2186 tr'ii
413 2139 594 2196 avidus,
612 2140 707 2185 vini
726 2141 966 2202 aliquando
992 2142 1178 2202 cupidus
1194 2178 1204 2194 ‚
1224 2142 1366 2186 carnis
1388 2139 1595 2201 frequen-

320 2223 389 2258 ter
422 2212 613 2275 ignarus,
653 2214 742 2275 lpse
791 2215 1010 2268 decorus,
1042 2213 1130 2275 ipse
1175 2215 1348 2277 ingens,
1390 2209 1596 2274 promissa

320 2285 484 2343 barba,
514 2302 630 2333 cano
663 2287 804 2348 capite
841 2290 890 2333 &
930 2288 1106 2348 crispo,
1139 2287 1265 2331 vultu
1304 2284 1596 2339 reverendus,

322 2374 516 2405 canorus
546 2375 687 2417 voce,
716 2360 787 2406 sed
811 2360 966 2406 Afrum
997 2359 1202 2422 quiddam
1234 2359 1369 2419 usque
1399 2357 1451 2401 ad
1477 2356 1598 2400 sene-

324 2432 486 2477 &utem
526 2431 711 2479 sonans:
745 2450 795 2480 ac
831 2435 927 2495 post
964 2448 1150 2480 mortem
1189 2432 1373 2478 muitum
1398 2440 1599 2486 amatus,

327 2504 404 2550 vel
429 2504 596 2551 invidia
626 2505 852 2569 deposita,
883 2506 958 2554 vel
989 2504 1258 2554 crudelitatis
1287 2517 1422 2550 metu.
