1714 2807
359 170 448 202 120
624 154 832 200 JULH
883 154 1376 202 CAPITOLINI

353 258 677 320 diplomatibus
703 257 879 305 cursum
909 258 1228 321 usurpaverat,
1254 259 1440 321 pedibus
1463 259 1517 306 ab
1539 262 1635 308 An·

354 329 523 377 tiochia
545 330 598 376 ad
619 329 885 394 legationem
907 331 1026 378 suam
1051 331 1133 378 iter
1157 331 1300 379 facere
1326 332 1506 379 coactus
1527 332 1602 380 est.

422 404 472 449 11.
502 402 627 449 Bello
653 403 864 451 Parthico
897 404 1111 450 industria
1146 405 1216 453 sua
1257 405 1558 467 promeritus,
1589 406 1636 453 in

357 477 631 524 Britanniam
649 478 883 523 translatus
904 477 988 534 est,
1017 494 1068 523 ac
1097 491 1307 526 retentus.
1327 478 1430 525 Post
1457 478 1501 525 in
1520 481 1638 525 Moe·

356 549 415 597 fia
445 550 559 596 rexit
590 549 698 596 alam
720 568 731 597 :
757 545 916 596 deinde
944 548 1164 596 alimentis
1199 549 1455 596 dividendis
1485 550 1531 596 in
1564 550 1639 597 via

357 622 537 669 AEmilia
566 620 845 684 procuravit.
878 621 986 667 Inde
1015 621 1187 668 claffem
1219 622 1534 669 Germanicam
1573 639 1638 669 rev

356 695 440 742 xit.
461 698 603 741 Mater
627 711 729 741 eum
754 693 892 757 usque
913 694 958 740 in
989 695 1275 742 Germaniam
1298 694 1529 756 prosecuta
1550 694 1640 751 est,

357 767 515 831 ibique
538 767 679 814 obiit:
711 764 836 827 cujus
863 767 994 813 etiam
1021 765 1268 829 sepulcrum
1295 767 1403 814 stare
1429 784 1547 814 nunc
1575 767 1639 812 di-

358 841 489 888 citur.
511 840 616 886 Inde
635 840 688 886 ad
714 841 933 887 ducenum
956 838 1196 886 sestertium
1219 839 1481 902 stipendium
1503 838 1638 886 trans—

360 911 474 959 latus
506 912 551 958 in
585 910 803 968 Daciam,
830 909 1140 972 suspectusque
1167 912 1322 957 Marco
1355 912 1640 972 quorundam

360 984 501 1031 relatu
517 1018 529 1039 ,
554 999 576 1028 a
600 983 798 1045 partibus
821 995 1021 1029 remotus
1045 982 1196 1029 est:&
1229 983 1377 1044 postea
1405 1001 1482 1044 per
1508 984 1641 1029 Clau·

363 1056 485 1102 dium
516 1053 861 1117 Pompeianum,
884 1071 1099 1118 generum
1123 1054 1295 1113 Marci,
1321 1055 1441 1118 quasi
1467 1056 1645 1116 adjutor

363 1129 405 1174 ei
448 1127 649 1185 futurus,
684 1127 863 1174 vexillis
897 1128 1103 1191 regendis
1138 1127 1328 1174 adscitus
1360 1127 1432 1174 est.
1470 1128 1514 1174 in
1553 1142 1647 1184 quo

363 1216 550 1248 munere
574 1201 875 1263 approbatus,
916 1201 1051 1246 leRus
1081 1200 1140 1246 est
1164 1201 1208 1245 in
1243 1200 1467 1247 Senatum.
1492 1200 1649 1249 Postea

360 1274 528 1320 iterum
557 1290 604 1320 re
638 1274 749 1320 bene
778 1273 926 1336 gesta,
952 1274 1127 1335 prodita
1162 1272 1222 1319 est
1258 1271 1419 1331 factio,
1449 1290 1551 1336 quae
1583 1273 1649 1324 illi

363 1346 638 1394 concinnata
669 1345 838 1393 fuerat:
859 1345 1123 1408 Marcusque
1148 1347 1423 1407 Imperator,
1453 1358 1498 1390 ut
1519 1361 1649 1392 com-

363 1419 566 1482 pensaret
588 1418 794 1481 injuriam
813 1453 828 1476 ‚
854 1418 1116 1480 praetorium
1143 1435 1242 1464 eum
1272 1417 1400 1475 fecit,
1423 1420 1471 1465 &
1496 1419 1651 1480 primae

364 1491 538 1554 legioni
577 1491 782 1555 regendae
816 1491 1053 1553 imposuit:
1097 1491 1329 1554 statimque
1374 1493 1567 1539 Rhaetias
1600 1493 1651 1539 &

364 1566 596 1613 Noricum
630 1566 683 1612 ab
711 1564 910 1612 hostibus
936 1564 1202 1613 vindicavit.
1227 1581 1283 1610 ex
1311 1581 1405 1628 quo
1427 1563 1652 1612 eminente

369 1638 608 1696 industria,
640 1638 785 1684 studio
808 1637 952 1685 Marci
977 1638 1263 1700 Imperatoris
1295 1637 1467 1683 Consul
1492 1636 1552 1703 es}
1579 1637 1653 1683 de·

369 1710 577 1773 signatus.
608 1710 759 1758 Exstat
798 1711 950 1758 oratio
988 1712 1105 1773 apud
1142 1711 1336 1758 Marium
1373 1709 1654 1767 Maximum,

370 1786 523 1831 laudes
540 1784 637 1845 ejus
652 1784 890 1831 continens
905 1820 917 1842 ,
937 1785 1158 1834 &omnia
1173 1821 1185 1841 ,
1212 1784 1285 1832 vel
1301 1801 1398 1847 quae
1424 1783 1558 1842 fecit,
1579 1784 1654 1829 vel

367 1874 471 1921 quae
491 1858 712 1921 perpessus
733 1858 807 1906 est.
826 1861 874 1906 &
895 1873 1055 1920 praeter
1073 1859 1192 1904 illam
1212 1858 1468 1905 orationem
1489 1893 1502 1915 ‚
1522 1874 1655 1919 quam

368 1933 557 1995 longum
575 1933 707 1980 fuerit
720 1934 986 1981 connectere
1000 1971 1013 1990 ‚
1027 1934 1254 1996 saepiffime
1273 1933 1481 1980 Pertinax
1496 1949 1518 1978 a
1535 1933 1656 1977 Mar-

368 2020 430 2052 co
456 2008 506 2052 &
539 2006 583 2051 in
612 2007 839 2054 concione
873 2007 1078 2064 militari,
1105 2008 1154 2055 &
1187 2006 1231 2052 in
1253 2006 1415 2052 Senatu
1453 2006 1657 2051 laudatus

370 2079 455 2126 est:
489 2079 726 2142 doluitque
751 2081 892 2142 palam
923 2083 1127 2137 Marcus,
1150 2080 1302 2143 quod,
1337 2096 1436 2127 cum
1469 2079 1658 2124 Senator

370 2154 503 2211 esset,
522 2153 754 2217 praefeRus
783 2154 984 2217 praetorii
1011 2152 1104 2199 fieri
1131 2171 1154 2200 a
1186 2153 1225 2199 se
1248 2169 1340 2199 non
1369 2153 1524 2214 poffet.
1547 2151 1657 2198 Cas-

372 2225 497 2272 siano
515 2237 644 2271 motu
668 2225 950 2286 composito,
969 2243 992 2271 e
1018 2225 1145 2289 Syria
1175 2226 1229 2271 ad
1250 2224 1448 2272 Danubii
1475 2223 1657 2270 tutelam

372 2295 599 2360 profectus
627 2296 717 2353 est;
749 2310 880 2360 atque
917 2298 1020 2343 inde
1060 2298 1229 2344 Moesiae
1263 2297 1516 2360 utriusque,
1551 2311 1658 2341 mox

369 2370 530 2417 Daciae
556 2369 751 2433 regimen
772 2371 959 2433 accepit.
987 2365 1104 2418 Bene
1128 2369 1256 2435 gestis
1277 2370 1344 2419 his
1373 2367 1658 2434 provinciis,

373 2443 551 2509 Syriam
570 2442 748 2493 meruit.
