1637 2785
217 144 722 193 GoRmANUs
775 146 1146 196 TERTtUS.
1275 162 1326 210 55

56 267 132 309 τες
154 252 312 300 melius
325 252 407 299 effe
419 288 434 311 ,
455 251 578 298 illum
599 251 818 314 imperare
833 288 846 310 ,
866 251 943 313 qui
965 251 1148 299 militem
1169 250 1331 315 guber-

58 339 207 385 naret,
236 325 313 388 qui
338 323 657 385 rempublicam
693 323 834 371 sciret.
863 323 1084 386 Corrupit
1118 337 1333 384 praeterea

58 399 188 445 etiam
224 397 449 458 Principes
468 412 478 441 ε
498 394 793 457 effec‘tumque
812 431 826 452 ‚
851 408 900 442 ut
923 397 1064 457 palam
1104 396 1333 459 Philippus

56 473 111 518 ad
142 470 375 532 imperium
405 468 676 531 posceretur.
705 467 850 515 Amici
882 468 1106 515 Gordiani
1138 469 1331 530 primum

56 541 432 592 vehementissime
462 541 747 588 resistebant:
781 540 856 587 sed
884 557 986 588 cum
1018 540 1181 588 milites
1215 541 1329 588 fame

55 616 368 673 vincerentur,
403 615 640 678 imperium
681 615 894 676 Philippo
934 615 1188 661 mandatum
1229 617 1331 670 e'i3

55 688 302 752 jussumque
325 705 347 734 a
374 688 586 734 militibus
602 723 616 746 ,
635 700 685 734 ut
703 687 821 750 quali
841 701 965 735 tutor
985 686 1077 748 ejus
1097 687 1332 750 Philippus

53 779 155 809 cum
176 763 334 808 eodem
362 760 598 808 Gordiano
630 759 790 823 pariter
823 760 1075 824 imperaret.

119 835 277 881 XXX.
309 833 522 895 Suscepto
545 834 680 896 igitur
711 835 933 896 imperi0‚
962 852 1062 883 cum
1090 837 1138 883 &
1165 833 1330 895 Philip-

55 923 135 967 pus
159 907 200 953 se
231 920 390 954 contra
423 905 704 952 Gordianum
740 906 1037 969 superbiffime
1064 922 1210 970 ageret
1229 943 1242 965 ,
1281 907 1332 954 δι

53 980 127 1025 ille
153 979 192 1026 se
212 983 549 1042 Imperatorem,
570 991 702 1042 atque
720 983 1041 1041 Imperatorum
1059 980 1259 1042 prolem,
1281 982 1331 1027 &

53 1053 204 1100 virum
226 1054 508 1101 nobiliffimae
526 1052 704 1099 familia».
723 1054 1063 1118 recognosceret
1079 1090 1092 1113 ‚
1115 1071 1195 1101 nec
1215 1053 1333 1099 ferre

55 1128 198 1190 poffet
217 1127 550 1190 improbitaxem
571 1126 768 1172 hominis
790 1127 1029 1188 ignobilis,
1051 1130 1169 1188 apud
1197 1127 1332 1174 duces

54 1204 105 1249 ὃ(
125 1201 284 1247 milites
299 1237 311 1256 ‚
327 1201 521 1246 adstante
533 1198 748 1245 Praefeao
770 1200 912 1246 Metio
930 1201 1186 1256 Gordiano,
1201 1201 1332 1246 affine

53 1273 163 1330 suo,
191 1273 237 1318 in
259 1271 466 1318 tribunali
484 1270 752 1333 conquestus
772 1270 859 1327 est3
883 1269 1083 1333 sperans,
1106 1271 1227 1334 poffe
1247 1271 1331 1317 im-

54 1345 227 1408 perium
263 1346 472 1409 Philippo
509 1345 732 1409 abrogari.
773 1345 858 1392 Sed
891 1345 973 1393 hac
1008 1345 1334 1409 conquestione

56 1418 168 1463 nihil
187 1417 297 1480 egit,
321 1434 422 1464 cum
443 1417 566 1463 illum
586 1415 833 1473 incusaffet,
855 1417 981 1479 quod
998 1418 1235 1462 immemor
1258 1418 1331 1462 be-

53 1486 315 1535 neficiorum
345 1486 440 1548 ejus
462 1486 540 1533 fibi
564 1487 710 1533 minus
731 1500 879 1549 gratus
900 1485 1132 1532 exsisteret.
1153 1488 1207 1531 Er
1228 1503 1331 1532 cum

53 1558 215 1605 milites
237 1558 451 1621 rogasset,
472 1575 573 1605 cum
594 1571 741 1620 aperte
771 1558 903 1605 duces
929 1558 1152 1615 ambisset,
1177 1558 1332 1605 faffio-

55 1649 111 1677 ne
135 1631 327 1693 Philippi
358 1631 508 1678 minor
538 1631 651 1694 apud
682 1648 841 1677 omnes
864 1630 964 1678 fuit.
993 1632 1206 1694 Denique
1231 1649 1332 1678 cum

53 1704 95 1750 se
122 1704 294 1751 videret
312 1703 531 1750 minorem
557 1703 732 1760 haberi,
754 1702 908 1765 petiit,
933 1714 982 1749 ut
999 1704 1167 1766 aequale
1185 1702 1332 1749 saltem

54 1776 169 1822 inter
194 1791 274 1821 eos
301 1775 403 1821 effet
431 1775 664 1837 imperium
689 1792 703 1830 3
738 1791 821 1822 nec
851 1774 1121 1837 impetravit.
1151 1775 1334 1822 Dehinc

55 1849 210 1909 petiit,
243 1863 290 1894 ut
317 1849 425 1896 loco
445 1848 629 1896 Caesaris
658 1849 924 1910 habereturi
942 1865 1024 1895 nec
1055 1849 1100 1894 id
1121 1848 1334 1896 obtinuit.

53 1922 185 1969 Petiit
214 1922 344 1968 etiam
362 1959 376 1982 ‚
397 1935 445 1969 ut
476 1922 676 1969 Praefeffi
696 1922 804 1970 loco
833 1922 934 1969 effet
954 1923 1189 1985 Philippo:
1208 1923 1334 1986 quod

55 1999 104 2042 ὅ(
138 1993 278 2057 ipsum
310 2009 513 2059 negatum
542 1997 618 2043 est.
652 1995 834 2042 Ultimae
859 2012 1012 2057 preces
1044 1996 1257 2055 fuerunt,
1285 2008 1334 2042 ut

55 2085 155 2114 eum
186 2067 418 2131 Philippus
448 2085 532 2132 pro
557 2069 671 2116 duce
698 2069 905 2125 haberet,
934 2070 982 2116 &
1008 2081 1233 2131 pateretur
1262 2068 1335 2113 vi—

54 2155 172 2185 vere.
207 2140 278 2186 Ad
310 2141 433 2202 quod
463 2141 639 2204 quidem
679 2142 805 2203 paene
841 2140 1124 2188 consenserat
1162 2140 1335 2202 Philip-

55 2229 167 2276 pus,
192 2212 281 2276 ipse
309 2213 493 2270 tacitus,
513 2214 586 2261 sed
612 2214 765 2260 omnia
796 2230 874 2276 per
901 2213 1070 2260 amicos
1096 2229 1228 2277 agens
1249 2230 1335 2258 nu-

54 2284 174 2332 tibus
196 2299 327 2348 atque
357 2287 564 2333 consiliis.
598 2291 766 2334 Verum
792 2303 893 2333 cum
924 2287 1071 2334 secum
1100 2285 1190 2349 ipse
1212 2286 1336 2349 cogi->

54 2369 167 2404 taret
185 2375 384 2406 amorem
405 2360 564 2421 populi
583 2361 777 2407 Romani
799 2361 851 2408 &
874 2360 1059 2407 Senatus
1078 2360 1194 2408 circa
1215 2361 1336 2407 Gor·

56 2429 262 2491 dianum,
289 2434 337 2480 δι
357 2432 493 2481 totius
515 2432 680 2482 Africae
704 2451 755 2482 ac
773 2433 942 2498 Syriae,
966 2433 1196 2499 totiusque
1213 2433 1337 2482 orbis

964 2502 1015 2553 ,D
1057 2523 1089 2566 4
