1714 2807
308 153 396 206 150
510 142 1383 197 AELIISPARTIANI

300 247 430 310 Nigri
463 248 651 310 partium
678 249 877 309 fuerant,
899 266 1057 315 praeter
1074 271 1240 310 unum,
1267 253 1486 316 supplicio
1507 254 1575 302 af-

298 317 419 364 fecit.
445 320 820 369 Antiochensibus
848 323 1003 370 iratior
1023 324 1136 383 fuit,
1157 326 1281 388 quod
1307 328 1356 373 &
1385 327 1577 373 admini-

297 389 506 436 strantem
541 391 584 438 se
614 392 658 438 in
689 395 877 441 Oriente
901 395 1115 452 riserant,
1136 397 1185 445 ὃ(
1221 397 1405 461 Nigrum
1440 397 1575 444 etiam

297 462 422 509 victu
451 463 672 525 juverant.
704 467 896 531 denique
927 471 1062 518 multa
1094 471 1159 517 his
1188 472 1363 519 ademit.
1391 473 1577 533 Neapo-

297 534 447 582 litanis
466 539 596 585 etiam
617 541 989 590 Palaestinensibus
1009 543 1078 603 jus
1100 544 1292 591 civitatis
1309 545 1575 608 tulit‚quod

296 626 383 672 pro
412 611 556 676 Nigro
585 615 658 661 diu
679 615 724 661 in
745 618 877 664 armis
903 618 1090 664 fuerant.
1114 621 1161 664 In
1189 620 1356 667 multos
1375 620 1575 667 animad-

297 684 465 743 vertit,
493 700 650 748 praeter
680 691 885 736 ordinem
927 693 1208 739 Senatorium
1227 728 1240 750 ‚
1268 695 1345 757 qui
1382 694 1573 758 Nigrum

296 755 472 806 fuerant
499 761 646 808 secuti.
670 764 834 810 Multas
861 764 992 810 etiam
1019 764 1225 813 civitates
1245 765 1436 826 ejusdem
1471 782 1575 828 par-

296 831 354 878 tis
382 830 553 892 injuriis
584 834 730 881 affecit
760 839 808 883 &
837 837 1024 884 damnis.
1053 840 1142 883 Eos
1173 839 1408 885 Senatores
1444 837 1576 885 occi-

296 903 391 961 dit,
418 905 619 966 quicum
651 907 796 970 Nigro
826 908 1126 955 militaverant
1146 911 1305 957 ducum
1335 909 1407 956 vel
1437 909 1578 955 tribu·

297 994 460 1023 norum
490 980 688 1027 nomine.
720 982 878 1029 deinde
907 982 1024 1029 circa
1054 983 1261 1029 Arabiam
1285 982 1405 1044 plura
1428 981 1577 1045 geffit:

296 1050 470 1096 Parthis
499 1053 628 1098 etiam
662 1054 705 1098 in
733 1053 952 1100 ditionem
975 1055 1183 1111 redactis,
1209 1071 1292 1101 nec
1321 1071 1413 1100 non
1442 1054 1576 1101 etiam

296 1123 537 1170 Adiabenis
558 1143 572 1182 ;
599 1126 675 1188 qui
705 1127 886 1189 quidem
909 1144 1066 1174 omnes
1084 1145 1183 1175 cum
1213 1126 1455 1175 Pescennio
1480 1126 1578 1174 sen-

296 1194 454 1243 serant.
486 1200 633 1260 Atque
660 1199 722 1244 ob
752 1198 842 1245 hoc
874 1200 1099 1255 reversus,
1129 1199 1362 1261 triumpho
1388 1198 1537 1245 delato
1560 1233 1576 1256 ,

296 1270 541 1332 appellatus
560 1271 618 1317 est
639 1274 849 1317 Arabicus
863 1307 875 1329 ‚
896 1274 1186 1319 Adiabenicus
1201 1308 1215 1330 ,
1237 1275 1473 1320 Parthicus.
1490 1271 1576 1318 Sed

295 1342 575 1405 triumphum
606 1344 800 1405 respuit,
834 1361 888 1390 ne
917 1346 1143 1391 videretur
1173 1346 1226 1391 de
1262 1346 1388 1393 civili
1416 1345 1576 1391 trium-

296 1417 437 1476 phare
468 1416 667 1464 viEtoria.
691 1417 912 1465 recusavit
940 1420 988 1466 &
1012 1419 1264 1466 Parthicum
1296 1435 1463 1465 nomen
1483 1453 1497 1476 ,
1519 1433 1577 1465 ne

295 1488 484 1535 Parthos
518 1490 755 1538 lacesseret.

360 1564 421 1610 X.
451 1564 671 1610 Redeunti
692 1565 789 1611 sane
808 1565 998 1612 Romam
1025 1566 1123 1627 post
1143 1566 1306 1612 bellum
1335 1564 1470 1612 civile
1490 1565 1576 1612 Ni-

294 1634 388 1698 gri,
418 1635 536 1681 aliud
566 1636 728 1682 bellum
768 1637 906 1684 civile
946 1638 1101 1684 Clodii
1135 1638 1286 1684 Albini
1324 1638 1575 1685 nuntiatum

293 1706 355 1753 est
370 1742 383 1761 ‚
399 1706 474 1768 qui
495 1708 727 1753 rebellavit
743 1709 787 1753 in
807 1710 969 1755 Gallia.
994 1727 1128 1771 quare
1145 1710 1295 1772 postea
1320 1709 1454 1757 occisi
1477 1709 1578 1755 sunt

293 1778 376 1825 filii
397 1780 528 1843 Nigri
555 1798 654 1827 cum
679 1795 832 1828 matre.
862 1782 1074 1828 Albinum
1095 1782 1229 1846 igitur
1246 1782 1385 1829 statim
1406 1782 1577 1828 hostem

295 1852 542 1915 judicavit,
569 1856 616 1900 &
638 1870 742 1909 eos,
770 1855 844 1914 ciui
865 1856 918 1901 ad
937 1855 1061 1901 illum
1090 1855 1271 1902 mollius
1292 1855 1365 1902 vel
1397 1854 1577 1915 scripse·

297 1939 428 1983 runt,
454 1926 528 1971 vel
562 1926 892 1986 rescripserunt.
929 1930 982 1974 Et
1007 1944 1106 1975 cum
1139 1928 1222 1973 iret
1252 1941 1410 1974 contra
1446 1926 1576 1972 Albi-

296 2016 429 2056 num,
452 1997 496 2043 in
517 1998 672 2044 itinere
693 2000 809 2060 apud
827 2000 1118 2047 Viminatium
1138 2035 1150 2055 ‚
1172 1998 1310 2044 filium
1338 1998 1458 2044 suum
1479 2015 1578 2050 τηε-ι,

296 2070 440 2132 iorem
466 2072 707 2134 Baffianum
727 2108 738 2128 ‚
767 2073 972 2133 appofito
1000 2076 1164 2118 Aurelii
1184 2073 1398 2118 Antonini
1429 2071 1579 2118 nomi-³

298 2162 355 2191 ne
371 2180 384 2200 ,
410 2146 600 2205 Caesarem
623 2143 892 2207 appellavit,
915 2157 960 2190 ut
987 2144 1162 2190 fratrem
1190 2149 1309 2190 suum
1331 2146 1492 2190 Getam
1520 2144 1576 2190 ab

298 2219 373 2281 spe
401 2218 601 2281 imperii,
625 2235 755 2282 quam
784 2218 856 2263 ille
877 2232 1172 2274 conceperat,
1199 2219 1498 2265 submoveret.
1520 2221 1576 2267 Et

276 2302 465 2338 'nomen
484 2291 661 2355 quidem
681 2293 893 2337 Antonini
908 2291 1077 2339 idcirco
1103 2290 1194 2338 filio
1217 2291 1575 2353 apposuit‚'quod

297 2364 632 2423 somniaverat,
665 2366 947 2411 Antoninum
992 2365 1065 2410 sibi
1100 2365 1402 2411 successurum.
1442 2365 1575 2411 Unde

296 2438 458 2485 Getam
483 2437 615 2485 etiam
637 2438 817 2504 quidam
843 2442 1117 2485 Antoninum
1137 2451 1296 2502 putant
1320 2438 1478 2488 dictum
1497 2447 1575 2497 ‚ut
