1637 2785
300 185 819 236 ANTONINUS
869 185 1062 230 pivs.
1261 199 1318 247 45

42 295 242 346 Orientis
274 292 472 356 partibus
504 290 596 336 sola
625 290 886 337 aucloritate
919 290 1117 336 deduxit.
1154 291 1321 339 Causas

38 369 204 434 regales
236 364 510 414 terminavit.
541 362 700 409 Sellam
734 361 899 424 regiam
932 362 1196 408 Parthorum
1229 365 1320 428 regi

35 440 286 506 repetenti,
309 454 442 502 quam
468 434 687 497 Traianus
717 446 919 496 ceperat,
941 435 1217 496 pernegavit.
1237 438 1319 482 Ri-

36 511 287 562 methalcen
323 513 370 557 in
405 527 594 574 regnum
639 507 977 570 Bosporanum,
1010 507 1166 553 audito
1204 511 1321 556 inter

36 587 179 650 ipsum
211 586 261 632 &
287 596 536 631 curatorem
561 581 748 644 negotio
766 616 780 637 ‚
807 579 983 627 remisit.
1019 579 1320 641 Olbiopolitis

36 673 195 709 contra
226 656 565 722 Tauroscythas
598 654 763 702 auxilia
796 653 942 709 misit,
976 654 1025 701 &
1055 654 1320 717 Tauroscy-

35 738 131 782 thas
167 734 306 796 usque
341 733 395 779 ad
439 730 609 778 dandos
645 727 946 790 Olbiopolitis
985 727 1158 776 obfides
1199 729 1325 780 vicit.

35 810 232 855 Tantum
263 807 363 854 sane
395 804 673 852 austoritatis
706 803 824 866 apud
851 815 1025 848 exteras
1055 814 1208 863 gentes
1240 819 1321 848 ne-

34 897 111 927 mo
145 879 329 934 habuit;
361 894 464 925 cum
503 877 673 939 semper
705 873 920 921 amaverit
950 889 1131 934 pacem,
1163 889 1220 919 eo
1252 874 1324 919 us·-

34 971 151 1018 que,
182 964 232 1000 ut
256 950 482 1014 Scipionis
510 949 772 997 sententiam
801 947 1123 1010 frequentarit,
1143 962 1233 1008 qua
1267 946 1323 991 il·

34 1027 76 1073 le
96 1025 293 1080 dicebat,
319 1028 453 1070 Malle
469 1024 519 1084 fi
545 1041 675 1069 unum
700 1024 826 1068 civem
844 1021 1034 1082 fimare,
1059 1038 1180 1080 quam
1210 1020 1324 1065 mii'lc

34 1105 159 1169 hostes
181 1103 367 1147 occidere.

107 1175 168 1221 X.
199 1172 376 1221 Menses
406 1170 711 1233 Septembrem
740 1179 872 1231 atque
902 1166 1150 1214 Ofitobrem
1168 1199 1184 1221 ‚
1221 1171 1323 1211 An-

37 1252 228 1295 toninum
256 1259 389 1309 atque
420 1245 664 1310 Faustinum
693 1241 986 1305 appellandos
1015 1238 1218 1287 decrevit
1244 1241 1324 1284 Se-

33 1335 186 1377 natus;
213 1320 285 1366 sed
308 1319 351 1365 id
383 1317 646 1364 Antoninus
671 1314 848 1377 respuit.
887 1314 1077 1376 Nuptias
1103 1311 1206 1357 filiae
1236 1311 1324 1357 suae

34 1394 277 1451 Faustinae,
303 1408 405 1439 cum
425 1392 586 1437 Marco
611 1387 853 1436 Antonino
877 1403 974 1432 eam
1002 1385 1323 1448 cunjungeret,

35 1469 176 1532 us'clue
207 1467 261 1514 ad
291 1462 562 1513 donativum
600 1463 821 1519 militum,
860 1459 1169 1507 celeberrimas
1204 1455 1324 1504 fecit.

41 1545 211 1589 Verum
229 1539 510 1588 Antoninum
531 1536 632 1600 post
652 1534 915 1601 quaesturam
937 1532 1182 1580 Consulem
1203 1530 1325 1577 fecit.

32 1617 150 1662 Cum
184 1611 509 1676 Apollonium,
543 1625 688 1673 quem¹
711 1605 929 1654 Chalcide
971 1604 1227 1661 acciverat,
1269 1602 1326 1648 ad

32 1688 315 1736 Tiberianam
340 1687 523 1732 domum
540 1719 555 1742 ,
575 1684 621 1729 in
643 1698 730 1745 qua
750 1679 1004 1738 habitabat,
1027 1677 1225 1726 vocaffet
1241 1712 1255 1733 ‚
1275 1687 1326 1722 ut

33 1762 74 1809 ei
95 1765 297 1810 Marcum
321 1758 603 1806 Antoninum
625 1755 845 1811 traderet,
870 1765 1006 1814 atque
1033 1750 1108 1797 ille
1128 1749 1327 1807 dixiffet,
1400 1767 1403 1771 ·

36 1839 142 1882 Non
173 1835 360 1901 magister
380 1836 441 1880 ad
459 1833 708 1893 discipulum
734 1831 845 1875 debet
870 1828 1026 1881 venire,
1038 1826 1117 1885 fid
1143 1824 1328 1884 discipu-

32 1913 98 1954 lus
131 1911 189 1954 ad
214 1908 482 1973 magistrum3
518 1904 611 1950 rifit
648 1919 772 1959 eum,
797 1900 977 1956 dicens,
1012 1899 1200 1943 Facilius
1230 1896 1326 1955 fuit

37 1984 268 2039 Apollonio
304 2000 330 2025 α
361 1981 550 2025 Chalcide
588 1978 771 2022 Romam
804 1976 961 2029 venire,
992 1989 1115 2032 quam
1145 1989 1172 2015 a
1203 1972 1323 2014 domo

27 2055 115 2114 sua
147 2056 193 2097 in
205 2055 441 2112 palatium:
466 2051 589 2112 cujus
624 2046 861 2096 avaritiam
892 2044 1024 2091 etiam
1042 2041 1323 2090 mercedibus

37 2124 235 2175 notavit,
264 2126 375 2171 Inter
407 2134 663 2186 argumenta
694 2117 871 2182 pietatis
906 2114 1000 2176 ejus
1031 2116 1081 2161 &
1111 2114 1203 2159 hoc
1237 2112 1322 2157 ha-

36 2196 196 2254 betur,
227 2193 378 2248 Quod,
405 2213 504 2242 cum
541 2197 720 2242 Marcus
752 2203 983 2237 mortuum
1029 2187 1323 2234 educatorem

41 2270 167 2318 suum
201 2268 325 2314 fleret
347 2303 361 2322 ,
393 2283 718 2332 vocareturque
746 2266 801 2313 ab
838 2262 993 2311 aulicis
1024 2258 1234 2306 ministris
1267 2258 1323 2304 ab

14 2371 16 2375 ·
44 2341 346 2390 ostentatione
378 2339 578 2399 pietatis,
614 2340 705 2404 ipse
744 2334 935 2384 dixerit:
966 2334 1194 2380 Permittite
1223 2328 1323 2393 (in-

44 2412 167 2478 quit)
197 2416 293 2470 illi,
313 2430 358 2458 ut
385 2413 602 2475 homnfze
621 2414 865 2473 nequeenim
894 2410 959 2456 vel
967 2405 1236 2468 philosophia
1261 2407 1327 2448 vel

54 2489 266 2550 imperium
298 2489 408 2533 tollit
439 2485 620 2551 affefi'us.
640 2484 878 2533 Praefeaos
907 2483 1009 2530 suos
1039 2480 1088 2527 δι
1117 2476 1323 2538 locuple-
