1714 2807
328 184 391 230 70
589 169 795 216 JUL11
845 169 1358 218 CAPITOLINI

334 279 498 326 milites
523 292 780 343 tangerent,
794 280 991 328 acriores
1012 293 1172 328 contra
1197 275 1445 326 Maximum
1464 281 1512 328 &
1531 279 1629 326 Bal·

333 352 490 398 binum
510 353 804 409 exstiterunt3
827 353 972 401 secum
995 353 1199 418 quotidie
1220 352 1493 416 cogitantes,
1513 368 1630 415 quos

333 426 630 486 Imperatores
656 426 802 474 facere
831 427 1060 474 deberent.
1273 466 1283 474 ,

398 499 517 545 Xlll.
538 499 918 547 Senatusconsulti
938 512 1084 546 autem
1102 515 1224 561 ,quo
1247 499 1361 545 moti
1387 498 1512 554 sunt,
1535 498 1631 544 haec

335 569 483 617 forma
508 572 581 618 est.
607 572 725 618 Cum
751 571 1018 634 ingredienti
1050 572 1223 619 Urbem
1253 570 1458 618 Maximo
1482 569 1632 617 Balbi·-

305 666 311 673 ·
335 657 421 687 nus
449 644 496 688 &
520 643 806 699 Gordianus,
837 644 886 689 &
910 644 1096 689 Senatus
1114 677 1128 697 ‚
1153 642 1203 687 &
1234 642 1429 704 populus
1460 644 1631 689 Roma—

336 731 420 761 nus
452 716 637 762 obviam
680 715 1011 779 proceffiffent,
1049 714 1396 763 acclamationes
1437 716 1631 776 primum

335 789 534 850 publicae
558 790 763 845 fuerunt,
782 807 883 853 quae
905 789 1068 836 milites
1093 790 1435 852 contingerent:
1461 787 1566 834 inde
1585 786 1634 833 in

335 864 550 910 Senatum
580 864 693 911 itum
726 863 813 923 est,
853 864 930 910 ubi
966 864 1065 927 post
1096 863 1195 920 illa,
1238 880 1338 927 quae
1371 861 1633 912 communia

339 936 485 982 solent
514 937 598 984 effe
620 927 738 984 *festa
763 975 776 994 ,
813 939 978 985 dictum
1011 939 1099 986 est:
1127 942 1344 1000 Sapienter
1368 940 1476 985 elec‘Zz'
1506 940 1633 983 Prin·

339 1011 446 1068 cipes
463 1011 532 1074 fic
559 1027 714 1074 agunt:
739 1030 811 1071 per
834 1013 1046 1073 imperitos
1077 1013 1188 1058 elefli
1218 1014 1433 1073 Principes
1448 1012 1517 1077 fic
1536 1029 1634 1072 per-

337 1098 467 1128 cunt.-
498 1098 602 1129 cum
630 1082 882 1140 constaret,
903 1100 927 1129 a
946 1082 1165 1130 militibus
1193 1082 1355 1130 factum
1371 1083 1455 1129 effe
1490 1081 1633 1127 Maxi—

313 1166 318 1172 ‘
340 1153 514 1200 minum
531 1190 544 1212 ,
564 1155 799 1202 Balbinum
826 1169 971 1203 autem
999 1157 1050 1204 &
1073 1156 1322 1202 Maximum
1351 1172 1376 1202 a
1405 1155 1635 1202 Senatori-

340 1229 438 1278 bus.
461 1231 543 1278 His
563 1232 740 1288 auditis,
756 1231 917 1278 milites
937 1233 1120 1295 gravius
1142 1231 1298 1278 saevire
1312 1244 1572 1301 coeperunt,
1589 1230 1635 1275 in

341 1303 548 1350 Senatum
587 1305 840 1367 praecipue,
871 1305 948 1366 qui
975 1305 1054 1351 sibi
1086 1305 1364 1367 triumphare
1394 1304 1448 1350 de
1479 1301 1631 1349 militi-

338 1375 423 1422 bus
450 1377 698 1424 videbatur.
731 1379 787 1423 Et
824 1377 1038 1425 Balbinus
1069 1378 1251 1440 quidem
1288 1394 1390 1425 cum
1428 1375 1635 1422 Maximo

340 1449 512 1496 Urbem
543 1469 648 1499 cum
678 1467 837 1514 magna
872 1452 1213 1507 moderatione,
1245 1452 1468 1516 gaudente
1499 1451 1632 1497 Sena·
1675 1455 1677 1457 ’

339 1535 392 1567 tu
415 1525 463 1569 &
479 1523 655 1586 populo
674 1524 888 1569 Romano
902 1558 916 1580 ,
931 1524 1168 1588 regebant:
1190 1524 1370 1571 Senatui
1392 1523 1636 1586 plurimum

337 1595 645 1644 deferebatur:
686 1598 803 1662 leges
847 1598 1042 1660 optimas
1080 1599 1368 1646 condebant:
1407 1587 1637 1645 moderate

340 1669 490 1715 causas
513 1669 777 1715 audiebant:
800 1685 869 1716 res
890 1669 1072 1717 bellicas
1101 1669 1403 1732 pulcherrime
1425 1670 1636 1731 dispone—

338 1742 462 1788 bant.
489 1744 543 1788 Et
565 1759 668 1790 cum
687 1742 774 1803 jam
802 1755 1000 1805 paratum
1029 1743 1162 1803 esset,
1188 1756 1425 1791 utcontra
1448 1743 1637 1789 Parthos

342 1814 571 1861 Maximus
599 1814 986 1877 proficisceretur,
1012 1817 1223 1863 Balbinus
1257 1830 1416 1864 contra
1444 1819 1638 1863 Germa-

341 1901 453 1943 nos,
472 1902 584 1947 puer
610 1899 757 1933 autem
783 1888 1045 1934 Gordianus
1069 1889 1231 1934 Romae
1253 1900 1530 1943 remaneret,
1556 1887 1639 1932 mi-

340 1958 466 2015 lites,
489 1957 776 2005 occafionem
800 1975 1053 2022 quaerentes
1086 1959 1444 2006 occidendorum
1465 1958 1638 2005 Princi-

341 2047 478 2092 pum,
508 2047 608 2077 cum
639 2031 788 2092 primo
819 2031 898 2078 vix
929 2031 1136 2077 invenire
1165 2031 1363 2093 possent,
1387 2030 1491 2094 quia
1520 2031 1639 2076 Ger-

284 2099 288 2104 ’
340 2102 463 2150 mani
497 2101 716 2165 stipabant
746 2103 996 2150 Maximum
1024 2116 1156 2167 atque
1185 2104 1449 2161 Balbinum,
1483 2102 1639 2166 quoti—

341 2177 415 2225 die
439 2176 823 2240 ingravescebant.

425 2251 552 2297 XIV.
574 2253 626 2296 Et
650 2264 775 2296 erant
799 2249 980 2312 quidem
1001 2249 1242 2298 discordiae
1267 2248 1383 2296 inter
1407 2249 1638 2296 Balbinum

342 2327 394 2371 &
414 2324 664 2369 Maximum
678 2358 690 2379 ‚
704 2322 777 2370 sed
796 2325 959 2381 tacitae,
984 2325 1033 2370 δι
1056 2341 1156 2386 quae
1176 2323 1530 2386 intelligerentur
1550 2337 1639 2384 po-

341 2398 453 2452 tius,
484 2412 616 2458 quam
653 2394 937 2442 viderentur:
978 2411 1080 2441 cum
1112 2395 1320 2441 Balbinus
1356 2394 1637 2451 Maximum,

340 2467 463 2531 quasi
479 2467 742 2532 ignobilem,
767 2482 1082 2518 contemneret
1097 2486 1114 2526 3
1132 2469 1358 2516 Maximus
1376 2468 1615 2515 Balbinum
1628 2500 1645 2527 ,
