1637 2785
479 5 490 29 Ι

221 153 608 204 VALERIANUS
645 151 841 201 PATER
874 152 956 199 ET
990 149 1184 198 FILIUS.
1287 147 1342 196 81

68 326 1435 412 VALERIANUS·

349 435 1089 566 JUNIOR.

383 648 1044 663 *a*

78 788 455 877 VALERIANUS
494 822 675 884 junior,
716 822 800 870 alia
830 839 962 887 quam
994 822 1228 871 Gallienus
1263 842 1361 873 ma·

77 911 146 946 tre
174 898 372 961 genitus,
399 896 545 943 forma
570 895 864 958 conspicuus,
898 897 1164 943 verecundia
1194 898 1363 957 proba-

78 972 207 1028 bilis,
240 971 492 1018 eruditione
527 987 610 1032 pro
648 982 774 1015 aetate
814 970 984 1025 clarus,
1025 970 1226 1016 moribus
1269 989 1365 1032 per-

77 1042 327 1106 jucundus,
360 1055 488 1104 alque
517 1059 541 1088 a
576 1041 718 1087 fratris
746 1041 1034 1087 dissolutione
1065 1041 1307 1101 seintielm,
1341 1058 1367 1091 a

82 1131 208 1178 patre
232 1114 409 1160 absente
434 1113 580 1158 Caesar
602 1113 659 1157 est
680 1114 949 1174 appellatus,
972 1130 994 1158 a
1019 1113 1152 1159 fratre
1168 1150 1181 1170 ,
1202 1129 1250 1160 ut
1277 1116 1367 1162 Ce-

81 1187 263 1234 lest'mus
285 1186 418 1244 dicit,
441 1185 674 1247 Augustus.
713 1184 823 1230 nihil
853 1184 985 1231 habet
1014 1185 1299 1246 praedicabile
1321 1188 1370 1235 in

85 1260 210 1317 vita,
236 1258 315 1304 nifi
340 1258 463 1319 quod
493 1257 553 1303 est
587 1255 799 1302 nobiliter
830 1270 956 1302 natus
974 1292 986 1312 ‚
1011 1257 1221 1319 educatus
1251 1260 1373 1321 opti-

85 1349 187 1390 me,
219 1334 268 1379 &
303 1330 605 1376 miserabiliter
635 1329 909 1375 interemtus.
930 1331 985 1376 Et
1005 1331 1218 1394 quoniam
1252 1333 1372 1394 scio,

88 1420 236 1453 errare
256 1403 518 1466 plerolque,
539 1401 616 1466 qui
637 1401 864 1447 Valeriani
881 1405 1168 1464 'Imperatoris
1193 1406 1375 1454 titulum

87 1479 136 1526 in
161 1477 364 1540 sepulcro
393 1477 613 1540 legentes,
642 1476 760 1522 illius
786 1476 1009 1524 Valeriani
1041 1479 1259 1525 redditum
1294 1499 1375 1543 pu·

89 1564 188 1600 tant
215 1566 409 1613 corpus,
446 1548 524 1611 qui
558 1565 580 1594 a
613 1547 749 1594 Perfis
778 1547 837 1593 est
863 1561 1044 1610 captus:
1075 1565 1128 1596 ne
1159 1548 1274 1598 ullus
1304 1570 1377 1600 er·-

92 1638 172 1668 ror
190 1622 405 1682 obrepat,
426 1619 690 1665 mittendum
712 1618 757 1664 in
784 1619 931 1665 literas
952 1619 1125 1678 censui,
1148 1619 1267 1669 huhc
1289 1625 1378 1671 Va-

94 1695 312 1741 lerianum
332 1693 448 1740 circa
469 1691 776 1738 Mediolanum
792 1692 1035 1753 sepultum,
1052 1694 1204 1740 addito
1223 1695 1377 1755 titulo,

96 1765 272 1813 Claudii
285 1764 422 1825 iussu,
444 1767 777 1812 VALERIANUS
795 1769 1117 1814 IMPERATOR.
1136 1769 1180 1814 N
1183 1784 1380 1832 onxputo

98 1838 200 1902 plus
228 1837 394 1899 aliquid
423 1838 494 1882 vel
531 1838 584 1883 de
618 1836 786 1897 majore
818 1836 1088 1896 Valeriano,
1124 1840 1197 1885 vel
1230 1840 1283 1887 de
1310 1842 1380 1901 ju—

101 1911 232 1958 niore
247 1909 578 1972 requirendum‘
595 1912 650 1956 Et
675 1910 890 1973 quoniam
914 1927 1102 1968 vereor,
1119 1928 1173 1957 ne
1194 1915 1383 1963 modum

102 1983 352 2038 volilminis
378 1982 594 2030 transeam
610 2019 623 2041 ‚
641 1983 668 2028 fi
684 1983 958 2042 Gallienum,
977 1984 1200 2032 Valeriani
1219 1985 1357 2035 filium
1369 2025 1384 2048 ,

104 2056 159 2102 de
190 2054 393 2118 quoiam
417 2055 550 2100 nobis
577 2054 741 2101 multus
773 2055 915 2103 sermo
951 2055 1062 2113 fuit,
1098 2057 1172 2103 vel
1206 2058 1386 2105 Saloni-

105 2144 214 2174 num
243 2125 383 2173 filium
407 2126 538 2173 etiam
567 2126 789 2183 Gallieni,
815 2124 891 2189 qui
917 2128 964 2173 &
992 2127 1223 2174 Gallienus
1246 2130 1388 2178 diflus

107 2200 196 2259 est,
225 2201 327 2248 huic
355 2200 474 2247 libro
500 2199 763 2264 adjungam3
791 2201 844 2247 ad
866 2200 986 2247 aliud
1006 2202 1223 2248 volumen
1245 2205 1387 2250 trans-

108 2290 217 2320 eam.
245 2274 425 2335 Semper
452 2271 570 2319 enim
600 2290 670 2320 me
703 2273 838 2320 vobis
863 2272 1042 2332 dedidi,
1060 2275 1108 2323 δε
1133 2273 1291 2333 f'amae,
1311 2275 1384 2325 cui

111 2361 271 2410 negare
292 2345 404 2391 nihil
423 2345 565 2393 debeo
580 2381 595 2405 ,
615 2362 758 2408 neque
777 2346 968 2408 poffiim.

212 2511 381 2572 Scriptt.
408 2511 473 2558 H.
500 2511 565 2560 A.
601 2511 695 2558 Vol.
725 2510 789 2557 II.
1129 2507 1162 2554 F
