1714 2807
338 154 427 203 194
563 104 927 184 FLAVII
995 131 1428 189 VOPISC'I

328 250 499 308 Sufcipe
525 247 742 308 imperium
762 266 814 292 ex
841 246 1280 308 ΚςεενιαιῖιιςἹαιιὲἵονὶῑαεε
1297 266 1313 294 .·
1331 239 1395 295 tici
1412 250 1521 307 loci,
1541 267 1619 299 tuae

327 326 420 367 vitoe
437 353 450 375 ‚
479 338 559 366 tua:
590 323 739 367 mentis
766 319 848 386 est,
878 324 990 381 quod
1014 319 1188 366 mereris.
1217 323 1418 383 Princeps
1439 326 1620 371 Senatus

328 398 421 443 rec‘le
452 394 663 460 Augustus
692 410 880 440 creatur:
899 396 1047 454 primae
1065 395 1282 453 sententiat
1310 398 1377 441 vir
1403 395 1498 442 refle
1534 400 1623 442 Im-

322 486 488 530 perator
518 483 686 514 creatur.
716 470 778 512 Et
808 470 901 528 quis
926 470 1073 512 melius
1093 485 1216 527 quarn
1241 472 1386 530 gravis
1413 471 1624 529 imperat?

326 541 370 588 ὃ·
398 546 490 603 quis
517 545 663 588 melius
690 560 812 602 quam
836 545 1021 587 literatus
1048 545 1257 602 imperat?
1280 545 1412 605 Quod
1432 547 1586 589 bonum
1605 580 1620 602 ,

311 616 503 683 faustum
510 617 774 676 salutareque
782 616 869 679 sit,
891 618 966 661 diu
983 618 1174 675 privatus
1180 617 1320 684 suisti.
1343 621 1454 676 Scis,
1474 638 1618 680 quem-

322 692 551 734 admodum
581 690 726 734 debeas
754 690 974 749 imperare,
999 690 1071 748 qui
1103 692 1214 735 alios
1245 691 1464 750 Principes
1481 708 1620 752 pertu-

323 761 414 825 lsst‘.
439 763 532 806 Scis
548 797 559 817 ,
584 762 927 820 quemadmodum
949 762 1093 805 debeas
1118 763 1315 821 imperare
1329 797 1342 818 ,
1363 765 1434 822 qui
1453 766 1501 807 de
1519 767 1621 809 aliis

323 837 595 894 Principibus
606 833 822 897 judicasti.
850 834 907 878 At
926 832 1022 878 ille:
1044 835 1199 891 AIiror,
1224 837 1370 880 Patres
1386 836 1620 896 conscripti,

317 925 393 954 vos
422 910 466 951 in
498 911 630 951 locum
656 909 900 962 Aureliani,
917 906 1139 969 fortiffimi
1165 911 1457 967 Imperatoris,
1473 910 1618 968 senem

318 983 417 1026 velle
448 980 684 1039 Principem
707 979 863 1037 facere.
890 983 966 1024 En
989 983 1191 1037 membra,
1219 998 1307 1040 quae
1333 980 1521 1035 jaculari
1537 1001 1617 1028 va-

314 1058 453 1110 leant,
477 1071 564 1113 quae
589 1055 733 1120 hastile
760 1068 968 1114 torquere,
992 1072 1078 1114 quae
1102 1056 1258 1115 clypeis
1286 1056 1500 1113 intonare,
1524 1074 1615 1117 quae

314 1130 375 1171 ad
395 1130 628 1186 exemplum
660 1128 838 1171 docendi
861 1129 1012 1173 milites
1030 1127 1267 1188 frequenter
1293 1130 1485 1188 equitare.
1519 1132 1614 1175 Vix

315 1202 464 1244 munia
508 1202 694 1243 Senatus
732 1201 951 1260 implemus
970 1236 984 1258 ‚
1015 1203 1093 1245 vix
1114 1201 1353 1260 sententias
1375 1235 1387 1256 ‚
1420 1203 1482 1246 ad
1508 1219 1614 1261 quas

313 1288 391 1314 nos
422 1274 537 1315 locus
566 1270 722 1325 asflat,
755 1272 968 1316 edicimus.
1000 1273 1143 1315 Videte
1173 1271 1455 1331 diligentius,
1486 1291 1610 1329 quam

314 1357 472 1387 ‘etatem
507 1345 555 1386 de
586 1344 772 1386 cubiculo
810 1357 931 1400 atque
966 1345 1112 1387 umbra
1142 1346 1187 1386 in
1210 1345 1390 1400 pruinas
1420 1343 1610 1408 (estusque

313 1416 507 1459 mittatis.
548 1417 625 1458 An
655 1414 907 1472 probaturos
939 1413 1082 1472 seriem
1125 1415 1416 1472 Imperatorem
1456 1416 1608 1458 milites

314 1488 514 1532 creditis?
539 1489 682 1531 Videte
696 1520 709 1543 ,
736 1504 785 1530 ne
805 1486 1035 1545 reipublicae
1055 1501 1140 1529 non
1163 1503 1253 1529 eum
1267 1519 1280 1540 ‚
1302 1503 1415 1545 quem
1433 1487 1570 1532 velitis
1592 1521 1605 1542 ‚

314 1561 554 1620 Principem
594 1561 732 1618 detis,
757 1556 800 1604 ἃ
828 1559 935 1603 milti
973 1561 1048 1602 lzoc
1068 1559 1211 1618 solum
1244 1557 1366 1622 obeffi
1402 1561 1606 1620 incipiat,

312 1635 421 1694 quod
443 1652 504 1678 me
538 1633 798 1678 unanimiter
833 1632 1050 1696 delegistis.

376 1707 435 1753 V.
463 1705 564 1751 Post
597 1705 693 1750 haec
715 1702 1060 1751 acclamationes
1080 1703 1270 1748 Senatus
1290 1702 1359 1746 hae
1389 1684 1603 1750 fuerunt&

311 1778 374 1822 Et
406 1777 620 1832 Trajanus
647 1778 707 1821 ad
735 1776 951 1836 imperium
968 1776 1104 1835 senex
1134 1778 1247 1820 venit
1267 1773 1505 1837 (dixerunt
1522 1777 1600 1821 de-

311 1847 450 1912 cies.)
477 1853 539 1894 Et
562 1850 819 1894 Hadrianus
837 1851 896 1894 ad
915 1851 1130 1908 imperium
1149 1848 1284 1908 senex
1303 1850 1415 1893 venit
1439 1846 1460 1910 (
1474 1847 1601 1893 dixe-

310 1937 417 1970 runt
443 1922 605 1969 decies.
624 1924 644 1983 )
672 1926 735 1969 Et
758 1925 1013 1969 Antoninus
1031 1926 1091 1968 ad
1109 1925 1324 1983 imperium
1343 1923 1477 1982 senex
1491 1926 1604 1968 venit

310 1997 555 2058 (dixerunt
581 1995 777 2060 decies.)
812 2000 871 2043 Et
899 2014 944 2043 tu
974 2000 1054 2059 legi
1088 2000 1131 2052 ι’,
1166 2001 1415 2060 Incanaque
1452 2010 1601 2043 menta

309 2071 424 2135 regis
442 2070 637 2117 Romani
658 2069 892 2133 (dixerunt
911 2070 1098 2133 decies.)
1117 2074 1172 2116 Et
1183 2073 1275 2131 quis
1292 2074 1455 2124 melius,
1474 2090 1598 2132 quarn

294 2147 447 2205 senex,
467 2147 673 2205 imperat?
689 2142 924 2208 (dixerunt
939 2144 1124 2204 decies.)
1142 2148 1432 2204 Imperatorem
1446 2159 1497 2200 te,
1513 2163 1600 2190 non

308 2222 477 2265 militem
500 2220 718 2278 facimus,
737 2218 973 2278 (dixerunt
992 2216 1184 2278 vicies.)
1222 2220 1286 2263 Tu
1303 2217 1427 2275 jube,
1449 2219 1602 2264 milites

299 2309 489 2355 pugnent
514 2291 765 2357 (dixerunt
789 2291 987 2355 tricies.)
1022 2295 1143 2338 lzabes
1169 2295 1436 2352 prudentiam
1457 2289 1500 2336 δ’
1523 2294 1598 2336 bo-

302 2385 403 2412 num
419 2365 598 2424 fratrem
629 2365 871 2425 (dixerunt
899 2364 1103 2428 decies.)
1132 2369 1304 2411 Severus
1341 2366 1460 2410 dixit
1478 2399 1492 2421 ,
1523 2383 1598 2410 ca-

302 2458 379 2502 put
398 2445 617 2502 imperare,
637 2459 724 2487 non
744 2444 871 2503 pedes
891 2439 1136 2505 (dixerunt
1165 2438 1362 2503 tricies.)
1393 2441 1596 2486 Animum
