<?xml version="1.0" encoding="UTF-8"?>
<!DOCTYPE html PUBLIC "-//W3C//DTD XHTML 1.0 Transitional//EN"
    "http://www.w3.org/TR/xhtml1/DTD/xhtml1-transitional.dtd">
<html xmlns="http://www.w3.org/1999/xhtml" xml:lang="en" lang="en">
 <head>
  <title>
</title>
<meta http-equiv="Content-Type" content="text/html;charset=utf-8" />
  <meta name='ocr-system' content='tesseract 3.04.00' />
  <meta name='ocr-capabilities' content='ocr_page ocr_carea ocr_par ocr_line ocrx_word'/>
</head>
<body>
  <div class='ocr_page' id='page_1' title='image "./historiaeaugusta00bipouoft_0415.png"; bbox 0 0 1637 2785; ppageno 0'>
   <div class='ocr_carea' id='block_1_1' title="bbox 302 111 1350 174">
    <p class='ocr_par' dir='ltr' id='par_1_1' title="bbox 302 111 1350 174">
     <span class='ocr_line' id='line_1_1' title="bbox 302 111 1350 174; baseline 0.001 -15"><span class='ocrx_word' id='word_1_1' title='bbox 302 111 1123 161; x_wconf 78' lang='lat' dir='ltr'>MAx1M1N1DUO.</span> <span class='ocrx_word' id='word_1_2' title='bbox 1291 126 1350 174; x_wconf 61' lang='grc' dir='ltr'><em>η</em></span> 
     </span>
    </p>
   </div>
   <div class='ocr_carea' id='block_1_2' title="bbox 58 219 1430 1940">
    <p class='ocr_par' dir='ltr' id='par_1_2' title="bbox 58 219 1430 1940">
     <span class='ocr_line' id='line_1_2' title="bbox 66 219 1355 281; baseline 0.002 -15"><span class='ocrx_word' id='word_1_3' title='bbox 66 220 174 281; x_wconf 85' lang='lat' dir='ltr'><em>piter</em></span> <span class='ocrx_word' id='word_1_4' title='bbox 195 221 343 280; x_wconf 82' lang='lat' dir='ltr'><em>optime</em></span> <span class='ocrx_word' id='word_1_5' title='bbox 358 254 372 276; x_wconf 93' lang='lat'><em>,</em></span> <span class='ocrx_word' id='word_1_6' title='bbox 393 221 471 264; x_wconf 82' lang='lat' dir='ltr'><em>tibi</em></span> <span class='ocrx_word' id='word_1_7' title='bbox 486 219 659 280; x_wconf 78' lang='lat' dir='ltr'><em>gracias.</em></span> <span class='ocrx_word' id='word_1_8' title='bbox 685 222 845 279; x_wconf 81' lang='lat' dir='ltr'><em>Apollo</em></span> <span class='ocrx_word' id='word_1_9' title='bbox 865 220 1105 265; x_wconf 76' lang='lat' dir='ltr'><em>venerabilis</em></span> <span class='ocrx_word' id='word_1_10' title='bbox 1121 255 1133 274; x_wconf 92' lang='lat'>‚</span> <span class='ocrx_word' id='word_1_11' title='bbox 1154 219 1230 265; x_wconf 87' lang='lat' dir='ltr'><em>tibi</em></span> <span class='ocrx_word' id='word_1_12' title='bbox 1251 235 1355 281; x_wconf 58' lang='lat' dir='ltr'><em>gra-</em></span> 
     </span>
     <span class='ocr_line' id='line_1_3' title="bbox 71 292 1357 354; baseline 0.001 -16"><span class='ocrx_word' id='word_1_13' title='bbox 71 297 167 339; x_wconf 86' lang='lat' dir='ltr'><em>tias.</em></span> <span class='ocrx_word' id='word_1_14' title='bbox 203 297 397 341; x_wconf 79' lang='lat' dir='ltr'><em>Maxime</em></span> <span class='ocrx_word' id='word_1_15' title='bbox 434 292 644 354; x_wconf 82' lang='lat' dir='ltr'><em>Auguste‚</em></span> <span class='ocrx_word' id='word_1_16' title='bbox 672 294 748 338; x_wconf 81' lang='lat' dir='ltr'><em>tibi</em></span> <span class='ocrx_word' id='word_1_17' title='bbox 781 292 956 353; x_wconf 80' lang='lat' dir='ltr'><em>gratias.</em></span> <span class='ocrx_word' id='word_1_18' title='bbox 992 293 1174 338; x_wconf 82' lang='lat' dir='ltr'><em>Balbine</em></span> <span class='ocrx_word' id='word_1_19' title='bbox 1204 298 1357 354; x_wconf 83' lang='lat' dir='ltr'><em>Augu-</em></span> 
     </span>
     <span class='ocr_line' id='line_1_4' title="bbox 58 363 1355 432; baseline 0 -22"><span class='ocrx_word' id='word_1_20' title='bbox 58 365 137 432; x_wconf 88' lang='lat' dir='ltr'><em>ste,</em></span> <span class='ocrx_word' id='word_1_21' title='bbox 162 367 240 409; x_wconf 86' lang='lat' dir='ltr'><em>tibi</em></span> <span class='ocrx_word' id='word_1_22' title='bbox 259 367 437 426; x_wconf 79' lang='lat' dir='ltr'><em>gratias.</em></span> <span class='ocrx_word' id='word_1_23' title='bbox 470 365 569 409; x_wconf 86' lang='lat' dir='ltr'><em>Tibi</em></span> <span class='ocrx_word' id='word_1_24' title='bbox 584 366 761 424; x_wconf 82' lang='lat' dir='ltr'><em>gratias,</em></span> <span class='ocrx_word' id='word_1_25' title='bbox 793 363 1006 409; x_wconf 82' lang='lat' dir='ltr'><em>Gordiane</em></span> <span class='ocrx_word' id='word_1_26' title='bbox 1029 365 1225 429; x_wconf 74' lang='lat' dir='ltr'><em>Auguste.</em></span> <span class='ocrx_word' id='word_1_27' title='bbox 1256 366 1355 410; x_wconf 82' lang='lat' dir='ltr'><em>Di-</em></span> 
     </span>
     <span class='ocr_line' id='line_1_5' title="bbox 71 437 1354 497; baseline -0.001 -13"><span class='ocrx_word' id='word_1_28' title='bbox 71 440 136 484; x_wconf 71' lang='lat' dir='ltr'><em>vis</em></span> <span class='ocrx_word' id='word_1_29' title='bbox 176 438 408 484; x_wconf 84' lang='lat' dir='ltr'><em>Gordianis</em></span> <span class='ocrx_word' id='word_1_30' title='bbox 443 440 594 497; x_wconf 81' lang='lat' dir='ltr'><em>templa</em></span> <span class='ocrx_word' id='word_1_31' title='bbox 632 437 898 482; x_wconf 86' lang='lat' dir='ltr'><em>decernimus.</em></span> <span class='ocrx_word' id='word_1_32' title='bbox 937 439 1175 482; x_wconf 84' lang='lat' dir='ltr'><em>Maximini</em></span> <span class='ocrx_word' id='word_1_33' title='bbox 1205 455 1354 483; x_wconf 75' lang='lat' dir='ltr'><em>nomen</em></span> 
     </span>
     <span class='ocr_line' id='line_1_6' title="bbox 70 510 1355 575; baseline 0.002 -22"><span class='ocrx_word' id='word_1_34' title='bbox 70 512 170 554; x_wconf 88' lang='lat' dir='ltr'><em>olim</em></span> <span class='ocrx_word' id='word_1_35' title='bbox 209 512 404 570; x_wconf 83' lang='lat' dir='ltr'><em>erasum,</em></span> <span class='ocrx_word' id='word_1_36' title='bbox 439 529 551 557; x_wconf 86' lang='lat' dir='ltr'><em>nunc</em></span> <span class='ocrx_word' id='word_1_37' title='bbox 591 514 749 556; x_wconf 87' lang='lat' dir='ltr'><em>animis</em></span> <span class='ocrx_word' id='word_1_38' title='bbox 789 512 1055 556; x_wconf 83' lang='lat' dir='ltr'><em>eradendum.</em></span> <span class='ocrx_word' id='word_1_39' title='bbox 1093 510 1234 575; x_wconf 85' lang='lat' dir='ltr'><em>Hostis</em></span> <span class='ocrx_word' id='word_1_40' title='bbox 1267 529 1355 571; x_wconf 86' lang='lat' dir='ltr'><em>pu-</em></span> 
     </span>
     <span class='ocr_line' id='line_1_7' title="bbox 70 582 1355 648; baseline 0.002 -21"><span class='ocrx_word' id='word_1_41' title='bbox 70 582 169 627; x_wconf 85' lang='lat' dir='ltr'><em>blici</em></span> <span class='ocrx_word' id='word_1_42' title='bbox 193 599 315 643; x_wconf 78' lang='lat' dir='ltr'><em>caput</em></span> <span class='ocrx_word' id='word_1_43' title='bbox 340 587 387 629; x_wconf 85' lang='lat' dir='ltr'><em>in</em></span> <span class='ocrx_word' id='word_1_44' title='bbox 407 585 675 648; x_wconf 82' lang='lat' dir='ltr'><em>profluentem</em></span> <span class='ocrx_word' id='word_1_45' title='bbox 705 583 932 639; x_wconf 83' lang='lat' dir='ltr'><em>abjiciatur</em></span> <span class='ocrx_word' id='word_1_46' title='bbox 949 600 965 628; x_wconf 89' lang='lat'><em>.·</em></span> <span class='ocrx_word' id='word_1_47' title='bbox 992 600 1136 644; x_wconf 80' lang='lat' dir='ltr'><em>corpus</em></span> <span class='ocrx_word' id='word_1_48' title='bbox 1162 583 1250 639; x_wconf 85' lang='lat' dir='ltr'><em>ejus</em></span> <span class='ocrx_word' id='word_1_49' title='bbox 1279 602 1355 629; x_wconf 88' lang='lat' dir='ltr'><em>ne-</em></span> 
     </span>
     <span class='ocr_line' id='line_1_8' title="bbox 70 655 1354 719; baseline 0 -20"><span class='ocrx_word' id='word_1_50' title='bbox 70 672 139 699; x_wconf 89' lang='lat' dir='ltr'><em>mo</em></span> <span class='ocrx_word' id='word_1_51' title='bbox 163 656 352 716; x_wconf 82' lang='lat' dir='ltr'><em>fipeliat.</em></span> <span class='ocrx_word' id='word_1_52' title='bbox 401 658 488 719; x_wconf 81' lang='lat' dir='ltr'><em>Qui</em></span> <span class='ocrx_word' id='word_1_53' title='bbox 529 659 707 702; x_wconf 83' lang='lat' dir='ltr'><em>Senatui</em></span> <span class='ocrx_word' id='word_1_54' title='bbox 745 672 909 703; x_wconf 85' lang='lat' dir='ltr'><em>mortem</em></span> <span class='ocrx_word' id='word_1_55' title='bbox 944 658 1130 701; x_wconf 78' lang='lat' dir='ltr'><em>minatus</em></span> <span class='ocrx_word' id='word_1_56' title='bbox 1164 655 1243 719; x_wconf 85' lang='lat' dir='ltr'><em>est,</em></span> <span class='ocrx_word' id='word_1_57' title='bbox 1281 656 1354 716; x_wconf 83' lang='lat' dir='ltr'><em>qui</em></span> 
     </span>
     <span class='ocr_line' id='line_1_9' title="bbox 70 730 1356 793; baseline 0.001 -18"><span class='ocrx_word' id='word_1_58' title='bbox 70 731 246 775; x_wconf 85' lang='lat' dir='ltr'><em>Senatui</em></span> <span class='ocrx_word' id='word_1_59' title='bbox 277 731 444 775; x_wconf 81' lang='lat' dir='ltr'><em>vincula</em></span> <span class='ocrx_word' id='word_1_60' title='bbox 471 732 656 775; x_wconf 82' lang='lat' dir='ltr'><em>minatus</em></span> <span class='ocrx_word' id='word_1_61' title='bbox 690 730 742 793; x_wconf 73' lang='lat' dir='ltr'><em>est</em></span> <span class='ocrx_word' id='word_1_62' title='bbox 758 764 771 787; x_wconf 89' lang='lat'><em>,</em></span> <span class='ocrx_word' id='word_1_63' title='bbox 802 746 849 776; x_wconf 70' lang='lat' dir='ltr'><em>uc</em></span> <span class='ocrx_word' id='word_1_64' title='bbox 879 730 1045 775; x_wconf 78' lang='lat' dir='ltr'><em>debebat</em></span> <span class='ocrx_word' id='word_1_65' title='bbox 1065 763 1079 786; x_wconf 86' lang='lat'><em>,</em></span> <span class='ocrx_word' id='word_1_66' title='bbox 1105 730 1356 776; x_wconf 81' lang='lat' dir='ltr'><em>interemtus·</em></span> 
     </span>
     <span class='ocr_line' id='line_1_10' title="bbox 70 797 1357 865; baseline -0.005 -14"><span class='ocrx_word' id='word_1_67' title='bbox 70 797 340 865; x_wconf 65' lang='lat' dir='ltr'><em>Sanc‘iiffi‘mi¹</em></span> <span class='ocrx_word' id='word_1_68' title='bbox 361 805 654 864; x_wconf 80' lang='lat' dir='ltr'><em>Imperatores,</em></span> <span class='ocrx_word' id='word_1_69' title='bbox 683 805 842 864; x_wconf 79' lang='lat' dir='ltr'><em>gratias</em></span> <span class='ocrx_word' id='word_1_70' title='bbox 871 803 988 848; x_wconf 75' lang='lat' dir='ltr'><em>vobis</em></span> <span class='ocrx_word' id='word_1_71' title='bbox 1027 803 1207 865; x_wconf 81' lang='lat' dir='ltr'><em>agimus.</em></span> <span class='ocrx_word' id='word_1_72' title='bbox 1247 803 1357 846; x_wconf 87' lang='lat' dir='ltr'><em>Ma-</em></span> 
     </span>
     <span class='ocr_line' id='line_1_11' title="bbox 72 876 1357 936; baseline -0.002 -12"><span class='ocrx_word' id='word_1_73' title='bbox 72 879 212 933; x_wconf 84' lang='lat' dir='ltr'><em>xime,</em></span> <span class='ocrx_word' id='word_1_74' title='bbox 240 879 442 934; x_wconf 83' lang='lat' dir='ltr'><em>Balbine,</em></span> <span class='ocrx_word' id='word_1_75' title='bbox 476 879 716 933; x_wconf 79' lang='lat' dir='ltr'><em>Gordiane,</em></span> <span class='ocrx_word' id='word_1_76' title='bbox 750 879 841 922; x_wconf 88' lang='lat' dir='ltr'><em>Dii</em></span> <span class='ocrx_word' id='word_1_77' title='bbox 868 895 942 924; x_wconf 72' lang='lat' dir='ltr'><em>vos</em></span> <span class='ocrx_word' id='word_1_78' title='bbox 961 878 1137 936; x_wconf 79' lang='lat' dir='ltr'><em>servent.</em></span> <span class='ocrx_word' id='word_1_79' title='bbox 1173 881 1217 922; x_wconf 91' lang='lat' dir='ltr'><em>V</em></span> <span class='ocrx_word' id='word_1_80' title='bbox 1217 876 1357 921; x_wconf 65' lang='lat' dir='ltr'><em>ielores</em></span> 
     </span>
     <span class='ocr_line' id='line_1_12' title="bbox 70 949 1357 1013; baseline -0.001 -19"><span class='ocrx_word' id='word_1_81' title='bbox 70 951 243 1013; x_wconf 79' lang='lat' dir='ltr'><em>hostium</em></span> <span class='ocrx_word' id='word_1_82' title='bbox 264 968 403 995; x_wconf 84' lang='lat' dir='ltr'><em>ornnes</em></span> <span class='ocrx_word' id='word_1_83' title='bbox 420 949 687 1013; x_wconf 71' lang='lat' dir='ltr'><em>desideramus</em></span> <span class='ocrx_word' id='word_1_84' title='bbox 703 967 717 996; x_wconf 90' lang='lat'><em>.·</em></span> <span class='ocrx_word' id='word_1_85' title='bbox 728 950 988 1011; x_wconf 60' lang='lat' dir='ltr'><em>praesentiam</em></span> <span class='ocrx_word' id='word_1_86' title='bbox 1008 950 1200 996; x_wconf 80' lang='lat' dir='ltr'><em>Maximi</em></span> <span class='ocrx_word' id='word_1_87' title='bbox 1218 963 1357 995; x_wconf 82' lang='lat' dir='ltr'><em>omnes</em></span> 
     </span>
     <span class='ocr_line' id='line_1_13' title="bbox 71 1022 1360 1086; baseline -0.001 -19"><span class='ocrx_word' id='word_1_88' title='bbox 71 1022 356 1086; x_wconf 75' lang='lat' dir='ltr'><em>desideramus.</em></span> <span class='ocrx_word' id='word_1_89' title='bbox 379 1024 562 1070; x_wconf 79' lang='lat' dir='ltr'><em>Balbine</em></span> <span class='ocrx_word' id='word_1_90' title='bbox 590 1028 720 1086; x_wconf 75' lang='lat' dir='ltr'><em>Augu</em></span> <span class='ocrx_word' id='word_1_91' title='bbox 755 1043 798 1080; x_wconf 92' lang='lat' dir='ltr'><em>e,</em></span> <span class='ocrx_word' id='word_1_92' title='bbox 820 1025 908 1068; x_wconf 78' lang='lat' dir='ltr'><em>Dii</em></span> <span class='ocrx_word' id='word_1_93' title='bbox 923 1041 956 1069; x_wconf 81' lang='lat' dir='ltr'><em>te</em></span> <span class='ocrx_word' id='word_1_94' title='bbox 966 1024 1143 1082; x_wconf 78' lang='lat' dir='ltr'><em>servent.</em></span> <span class='ocrx_word' id='word_1_95' title='bbox 1169 1022 1360 1081; x_wconf 75' lang='lat' dir='ltr'><em>Praesen-</em></span> 
     </span>
     <span class='ocr_line' id='line_1_14' title="bbox 71 1095 1358 1156; baseline -0.002 -16"><span class='ocrx_word' id='word_1_96' title='bbox 71 1110 151 1140; x_wconf 88' lang='lat' dir='ltr'><em>tem</em></span> <span class='ocrx_word' id='word_1_97' title='bbox 187 1113 346 1141; x_wconf 84' lang='lat' dir='ltr'><em>annum</em></span> <span class='ocrx_word' id='word_1_98' title='bbox 388 1097 581 1156; x_wconf 77' lang='lat' dir='ltr'><em>Consules</em></span> <span class='ocrx_word' id='word_1_99' title='bbox 610 1113 684 1142; x_wconf 73' lang='lat' dir='ltr'><em>vos</em></span> <span class='ocrx_word' id='word_1_100' title='bbox 725 1099 874 1141; x_wconf 85' lang='lat' dir='ltr'><em>ornetis</em></span> <span class='ocrx_word' id='word_1_101' title='bbox 896 1114 913 1141; x_wconf 91' lang='lat'><em>:</em></span> <span class='ocrx_word' id='word_1_102' title='bbox 946 1095 994 1140; x_wconf 86' lang='lat' dir='ltr'><em>in</em></span> <span class='ocrx_word' id='word_1_103' title='bbox 1031 1097 1164 1140; x_wconf 89' lang='lat' dir='ltr'><em>locum</em></span> <span class='ocrx_word' id='word_1_104' title='bbox 1201 1096 1358 1139; x_wconf 86' lang='lat' dir='ltr'><em>Maxi-</em></span> 
     </span>
     <span class='ocr_line' id='line_1_15' title="bbox 71 1164 1357 1230; baseline 0.002 -20"><span class='ocrx_word' id='word_1_105' title='bbox 71 1167 178 1211; x_wconf 87' lang='lat' dir='ltr'><em>mini</em></span> <span class='ocrx_word' id='word_1_106' title='bbox 209 1167 453 1212; x_wconf 82' lang='lat' dir='ltr'><em>Gordianus</em></span> <span class='ocrx_word' id='word_1_107' title='bbox 472 1168 730 1230; x_wconf 69' lang='lat' dir='ltr'><em>fitfficiatur.</em></span> <span class='ocrx_word' id='word_1_108' title='bbox 763 1165 865 1212; x_wconf 85' lang='lat' dir='ltr'><em>Post</em></span> <span class='ocrx_word' id='word_1_109' title='bbox 891 1177 1073 1227; x_wconf 81' lang='lat' dir='ltr'><em>rogatus</em></span> <span class='ocrx_word' id='word_1_110' title='bbox 1095 1164 1357 1212; x_wconf 84' lang='lat' dir='ltr'><em>sententiam</em></span> 
     </span>
     <span class='ocr_line' id='line_1_16' title="bbox 71 1237 1358 1300; baseline -0.002 -14"><span class='ocrx_word' id='word_1_111' title='bbox 71 1238 307 1300; x_wconf 84' lang='lat' dir='ltr'><em>Cuspidius</em></span> <span class='ocrx_word' id='word_1_112' title='bbox 331 1238 589 1297; x_wconf 73' lang='lat' dir='ltr'><em>Celerinus,</em></span> <span class='ocrx_word' id='word_1_113' title='bbox 613 1241 708 1286; x_wconf 86' lang='lat' dir='ltr'><em>haec</em></span> <span class='ocrx_word' id='word_1_114' title='bbox 733 1238 871 1285; x_wconf 83' lang='lat' dir='ltr'><em>verba</em></span> <span class='ocrx_word' id='word_1_115' title='bbox 896 1237 1069 1286; x_wconf 82' lang='lat' dir='ltr'><em>habuit:</em></span> <span class='ocrx_word' id='word_1_116' title='bbox 1090 1242 1234 1285; x_wconf 84' lang='lat' dir='ltr'><em>Patres</em></span> <span class='ocrx_word' id='word_1_117' title='bbox 1258 1256 1358 1283; x_wconf 87' lang='lat' dir='ltr'><em>con·</em></span> 
     </span>
     <span class='ocr_line' id='line_1_17' title="bbox 59 1312 1357 1373; baseline 0.003 -19"><span class='ocrx_word' id='word_1_118' title='bbox 59 1312 248 1372; x_wconf 82' lang='lat' dir='ltr'><em>scripti,</em></span> <span class='ocrx_word' id='word_1_119' title='bbox 278 1313 390 1373; x_wconf 85' lang='lat' dir='ltr'><em>eraso</em></span> <span class='ocrx_word' id='word_1_120' title='bbox 435 1313 603 1358; x_wconf 86' lang='lat' dir='ltr'><em>nomine</em></span> <span class='ocrx_word' id='word_1_121' title='bbox 642 1315 983 1358; x_wconf 84' lang='lat' dir='ltr'><em>Maximinorum</em></span> <span class='ocrx_word' id='word_1_122' title='bbox 1006 1346 1020 1370; x_wconf 90' lang='lat'><em>,</em></span> <span class='ocrx_word' id='word_1_123' title='bbox 1060 1313 1357 1373; x_wconf 74' lang='lat' dir='ltr'><em>appellatisqtte</em></span> 
     </span>
     <span class='ocr_line' id='line_1_18' title="bbox 69 1381 1430 1448; baseline -0.001 -18"><span class='ocrx_word' id='word_1_124' title='bbox 69 1386 209 1431; x_wconf 84' lang='lat' dir='ltr'><em>Divis</em></span> <span class='ocrx_word' id='word_1_125' title='bbox 238 1386 493 1442; x_wconf 83' lang='lat' dir='ltr'><em>Gordianis,</em></span> <span class='ocrx_word' id='word_1_126' title='bbox 525 1387 697 1432; x_wconf 71' lang='lat' dir='ltr'><em>vic‘loriae</em></span> <span class='ocrx_word' id='word_1_127' title='bbox 725 1388 849 1446; x_wconf 87' lang='lat' dir='ltr'><em>causa</em></span> <span class='ocrx_word' id='word_1_128' title='bbox 876 1387 1145 1446; x_wconf 73' lang='lat' dir='ltr'><em>Principibus</em></span> <span class='ocrx_word' id='word_1_129' title='bbox 1177 1387 1358 1448; x_wconf 85' lang='lat' dir='ltr'><em>nostris,</em></span> <span class='ocrx_word' id='word_1_130' title='bbox 1425 1381 1430 1386; x_wconf 45' lang='lat'>⁸</span> 
     </span>
     <span class='ocr_line' id='line_1_19' title="bbox 70 1457 1358 1523; baseline -0.002 -19"><span class='ocrx_word' id='word_1_131' title='bbox 70 1460 300 1515; x_wconf 89' lang='lat' dir='ltr'><em>Maximo,</em></span> <span class='ocrx_word' id='word_1_132' title='bbox 316 1461 530 1517; x_wconf 87' lang='lat' dir='ltr'><em>Balbino,</em></span> <span class='ocrx_word' id='word_1_133' title='bbox 553 1457 595 1506; x_wconf 59' lang='grc' dir='ltr'><em>ἕν</em></span> <span class='ocrx_word' id='word_1_134' title='bbox 618 1461 846 1505; x_wconf 84' lang='lat' dir='ltr'><em>Gordiano</em></span> <span class='ocrx_word' id='word_1_135' title='bbox 854 1459 1016 1523; x_wconf 80' lang='lat' dir='ltr'><em>statuas</em></span> <span class='ocrx_word' id='word_1_136' title='bbox 1047 1477 1136 1504; x_wconf 88' lang='lat' dir='ltr'><em>cum</em></span> <span class='ocrx_word' id='word_1_137' title='bbox 1161 1459 1358 1517; x_wconf 78' lang='lat' dir='ltr'><em>elephan—</em></span> 
     </span>
     <span class='ocr_line' id='line_1_20' title="bbox 71 1530 1363 1592; baseline 0 -17"><span class='ocrx_word' id='word_1_138' title='bbox 71 1533 128 1576; x_wconf 82' lang='lat' dir='ltr'><em>tis</em></span> <span class='ocrx_word' id='word_1_139' title='bbox 162 1532 415 1578; x_wconf 88' lang='lat' dir='ltr'><em>decernimus</em></span> <span class='ocrx_word' id='word_1_140' title='bbox 436 1566 451 1590; x_wconf 91' lang='lat'><em>,</em></span> <span class='ocrx_word' id='word_1_141' title='bbox 499 1550 637 1579; x_wconf 81' lang='lat' dir='ltr'><em>currus</em></span> <span class='ocrx_word' id='word_1_142' title='bbox 671 1533 938 1592; x_wconf 73' lang='lat' dir='ltr'><em>triumphales</em></span> <span class='ocrx_word' id='word_1_143' title='bbox 974 1533 1250 1587; x_wconf 83' lang='lat' dir='ltr'><em>decernimus,</em></span> <span class='ocrx_word' id='word_1_144' title='bbox 1277 1530 1363 1588; x_wconf 68' lang='grc' dir='ltr'><em>βά-</em></span> 
     </span>
     <span class='ocr_line' id='line_1_21' title="bbox 71 1601 1356 1666; baseline 0 -18"><span class='ocrx_word' id='word_1_145' title='bbox 71 1617 168 1649; x_wconf 81' lang='lat' dir='ltr'><em>tuas</em></span> <span class='ocrx_word' id='word_1_146' title='bbox 207 1606 392 1666; x_wconf 83' lang='lat' dir='ltr'><em>equestres</em></span> <span class='ocrx_word' id='word_1_147' title='bbox 430 1609 709 1661; x_wconf 85' lang='lat' dir='ltr'><em>decernimus,</em></span> <span class='ocrx_word' id='word_1_148' title='bbox 739 1607 920 1665; x_wconf 77' lang='lat' dir='ltr'><em>trophaea</em></span> <span class='ocrx_word' id='word_1_149' title='bbox 947 1606 1212 1651; x_wconf 85' lang='lat' dir='ltr'><em>decernimus.</em></span> <span class='ocrx_word' id='word_1_150' title='bbox 1252 1601 1356 1649; x_wconf 87' lang='lat' dir='ltr'><em>Post</em></span> 
     </span>
     <span class='ocr_line' id='line_1_22' title="bbox 70 1673 1355 1739; baseline 0.002 -19"><span class='ocrx_word' id='word_1_151' title='bbox 70 1673 194 1732; x_wconf 86' lang='lat' dir='ltr'><em>haec,</em></span> <span class='ocrx_word' id='word_1_152' title='bbox 213 1676 339 1722; x_wconf 82' lang='lat' dir='ltr'><em>miffo</em></span> <span class='ocrx_word' id='word_1_153' title='bbox 356 1677 537 1734; x_wconf 80' lang='lat' dir='ltr'><em>Senatu,</em></span> <span class='ocrx_word' id='word_1_154' title='bbox 564 1677 906 1739; x_wconf 74' lang='lat' dir='ltr'><em>supplicationes</em></span> <span class='ocrx_word' id='word_1_155' title='bbox 926 1692 1004 1738; x_wconf 88' lang='lat' dir='ltr'><em>per</em></span> <span class='ocrx_word' id='word_1_156' title='bbox 1021 1687 1161 1723; x_wconf 79' lang='lat' dir='ltr'><em>totam</em></span> <span class='ocrx_word' id='word_1_157' title='bbox 1184 1674 1355 1722; x_wconf 84' lang='lat' dir='ltr'><em>Urbem</em></span> 
     </span>
     <span class='ocr_line' id='line_1_23' title="bbox 72 1746 1356 1812; baseline 0.001 -20"><span class='ocrx_word' id='word_1_158' title='bbox 72 1746 278 1794; x_wconf 86' lang='lat' dir='ltr'><em>decretae.</em></span> <span class='ocrx_word' id='word_1_159' title='bbox 298 1747 502 1796; x_wconf 69' lang='lat' dir='ltr'><em>Vi&amp;ores</em></span> <span class='ocrx_word' id='word_1_160' title='bbox 533 1747 760 1812; x_wconf 84' lang='lat' dir='ltr'><em>Principes</em></span> <span class='ocrx_word' id='word_1_161' title='bbox 789 1748 833 1794; x_wconf 89' lang='lat' dir='ltr'><em>in</em></span> <span class='ocrx_word' id='word_1_162' title='bbox 857 1748 1072 1795; x_wconf 82' lang='lat' dir='ltr'><em>Palatium</em></span> <span class='ocrx_word' id='word_1_163' title='bbox 1101 1747 1148 1794; x_wconf 86' lang='lat' dir='ltr'><em>se</em></span> <span class='ocrx_word' id='word_1_164' title='bbox 1172 1762 1356 1809; x_wconf 86' lang='lat' dir='ltr'><em>recepe-</em></span> 
     </span>
     <span class='ocr_line' id='line_1_24' title="bbox 71 1817 1360 1886; baseline 0.003 -21"><span class='ocrx_word' id='word_1_165' title='bbox 71 1833 204 1867; x_wconf 82' lang='lat' dir='ltr'><em>runt:</em></span> <span class='ocrx_word' id='word_1_166' title='bbox 232 1820 286 1869; x_wconf 88' lang='lat' dir='ltr'><em>de</em></span> <span class='ocrx_word' id='word_1_167' title='bbox 318 1836 515 1886; x_wconf 78' lang='lat' dir='ltr'><em>quorum</em></span> <span class='ocrx_word' id='word_1_168' title='bbox 543 1821 638 1871; x_wconf 85' lang='lat' dir='ltr'><em>vita</em></span> <span class='ocrx_word' id='word_1_169' title='bbox 656 1857 674 1881; x_wconf 90' lang='lat'><em>,</em></span> <span class='ocrx_word' id='word_1_170' title='bbox 702 1821 751 1870; x_wconf 86' lang='lat' dir='ltr'><em>in</em></span> <span class='ocrx_word' id='word_1_171' title='bbox 780 1820 870 1869; x_wconf 86' lang='lat' dir='ltr'><em>alio</em></span> <span class='ocrx_word' id='word_1_172' title='bbox 896 1821 1014 1871; x_wconf 83' lang='lat' dir='ltr'><em>libro</em></span> <span class='ocrx_word' id='word_1_173' title='bbox 1045 1819 1256 1885; x_wconf 82' lang='lat' dir='ltr'><em>deinceps</em></span> <span class='ocrx_word' id='word_1_174' title='bbox 1290 1817 1360 1869; x_wconf 47' lang='lat' dir='ltr'><em>di*</em></span> 
     </span>
     <span class='ocr_line' id='line_1_25' title="bbox 75 1906 242 1940; baseline 0 -1"><span class='ocrx_word' id='word_1_175' title='bbox 75 1906 242 1940; x_wconf 74' lang='lat' dir='ltr'><strong>cemus.</strong></span> 
     </span>
    </p>
   </div>
  </div>
 </body>
</html>
