1714 2807
318 132 405 181 ψ
527 121 1400 189 AEnlisPART1AN1

311 224 546 272 effrenatus
572 231 776 280 audach
814 250 1078 298 protereret.
1115 246 1295 295 Addunt
1322 250 1425 310 alii,
1463 258 1591 318 quod

312 295 428 342 idem
458 301 652 351 cadaver
683 306 727 353 in
748 309 1016 362 Rhodanum
1047 318 1175 377 abjici
1207 326 1443 389 praecepit,
1465 328 1592 378 simul

309 369 442 416 etiam
473 376 628 422 uxoris
656 378 991 447 liberorumque
1020 388 1129 446 ejus.

374 445 477 491 XII.
508 447 753 499 Interfectis
783 455 1026 506 innumeris
1057 464 1207 512 Albini
1234 469 1422 530 partium
1453 474 1589 535 viris,

307 512 425 562 inter
453 532 568 578 quos
597 524 724 570 multi
764 527 992 592 Principes
1023 535 1245 595 civitatis,
1274 542 1425 590 multae
1461 545 1590 593 femi-

305 604 378 632 nae
403 589 589 640 illustres
612 595 791 645 fuerunt
808 636 820 657 ,
847 605 1049 651 omnium
1079 608 1195 655 bona
1217 614 1436 672 publicata
1465 618 1587 680 sunt,

305 662 602 727 aerariumque
628 686 872 722 auxerunt:
904 689 996 723 tum
1030 679 1329 742 Hispanorum
1356 690 1402 735 δε
1429 692 1588 739 Gallo-

304 747 403 780 rum
438 753 647 797 proceres
676 746 802 791 multi
833 750 967 796 occisi
998 752 1110 803 sunt.
1138 757 1349 822 Denique
1372 765 1586 814 militibus

300 816 474 853 tantum
514 810 861 876 stipendiorum,
889 837 1108 883 quantum
1137 845 1271 874 nemo
1299 832 1585 899 Principum,

303 877 438 926 dedit.
465 883 584 930 Filiis
609 888 740 934 etiam
766 891 850 938 suis
876 910 930 939 ex
952 896 1033 943 hac
1057 900 1386 965 proscriptione
1409 920 1583 958 tantum

300 950 508 1011 reliquit,
536 973 753 1018 quantum
790 965 937 1012 nullus
973 970 1324 1033 Imperatorum,
1351 995 1450 1026 cum
1489 999 1583 1029 ma-

299 1038 431 1084 gnam
467 1045 635 1089 partem
665 1034 759 1080 auri
789 1054 865 1098 per
891 1041 1089 1100 Gallias,
1112 1061 1189 1106 per
1223 1048 1483 1110 Hispanias,
1505 1071 1584 1116 per

300 1096 498 1155 ltaliam,
532 1105 777 1166 Imperator
811 1109 897 1168 jam
939 1111 1119 1163 fecisset.
1151 1129 1350 1181 tuncque
1389 1122 1602 1183 primum‘

298 1169 578 1229 privatarum
606 1193 754 1224 rerum
785 1185 1046 1242 procuratio
1076 1188 1317 1237 constituta
1347 1194 1421 1239 est.
1447 1197 1581 1245 Multi

296 1241 397 1289 sane
429 1247 526 1306 post
556 1249 766 1297 Albinum
783 1288 795 1310 ,
816 1252 946 1301 fidem
972 1257 1010 1303 ei
1036 1258 1285 1320 servantes,
1307 1264 1428 1312 bello
1456 1283 1479 1313 a
1501 1268 1578 1314 Se·

296 1329 412 1361 vero
451 1318 641 1382 superati
683 1324 794 1373 sunt.
834 1329 1005 1375 Eodem
1043 1344 1248 1395 tempore
1289 1337 1419 1384 etiam
1461 1340 1579 1404 legio

295 1390 486 1437 Arabica
521 1394 724 1444 defecisse
755 1400 810 1445 ad
849 1401 1063 1449 Albinum
1102 1407 1302 1454 nuntiata
1336 1409 1408 1456 est.
1448 1414 1579 1461 Ultus

293 1462 426 1524 igitur
464 1470 663 1527 graviter
700 1472 985 1521 Albinianam
1024 1477 1353 1541 defeffionem,
1391 1485 1577 1534 interfe-

294 1535 372 1581 &is
397 1537 622 1599 plurimis,
649 1559 808 1606 genere
835 1562 1019 1610 quoque
1047 1551 1290 1611 exstineto,
1320 1555 1456 1603 iratus
1489 1576 1578 1621 po·

293 1611 402 1670 pulo
431 1614 478 1659 ὅ(
506 1614 779 1665 senatoribus
809 1620 999 1668 Romam
1029 1625 1168 1672 venit.
1195 1627 1501 1679 Commodum
1528 1632 1576 1679 in

291 1685 451 1730 Senatu
475 1690 522 1733 {Sc
546 1691 771 1737 concione
796 1693 1012 1753 laudavit,
1042 1699 1187 1744 Deum
1212 1702 1482 1763 appellavit,
1504 1704 1575 1753 in-

290 1754 483 1806 famibus
504 1761 769 1822 displicuiffe
795 1766 934 1823 dixit3
958 1783 1006 1814 ut
1031 1786 1290 1832 appareret,
1317 1789 1417 1820 eum
1448 1793 1574 1837 aper-

289 1829 447 1877 tiffime
474 1831 633 1882 furere.
659 1837 761 1884 Post
791 1839 884 1887 haec
913 1842 965 1888 de
991 1842 1061 1888 sua
1091 1844 1324 1910 clementia
1345 1848 1571 1906 disseruit3

288 1920 389 1951 cum
425 1908 742 1960 crudeliffimus
780 1913 941 1975 fuerit,
971 1918 1273 1969 &Senatores
1316 1920 1430 1969 intra
1464 1923 1571 1971 scri-

287 1992 392 2041 ptos
412 1983 648 2046 occiderit.

353 2022 469 2100 Xlll.
490 2057 674 2104 Occidit
702 2072 846 2107 autem
869 2062 957 2110 sine
982 2064 1121 2111 causae
1151 2065 1345 2114 diffione
1369 2069 1451 2116 hos
1482 2087 1569 2118 no-

286 2124 421 2172 biles:
448 2129 718 2177 Mummium
751 2134 1081 2193 Secundinum,
1110 2138 1317 2184 Asellium
1352 2142 1568 2189 Claudia-

286 2214 422 2257 num,
451 2201 684 2249 Claudium
722 2206 916 2265 Rufum,
945 2209 1158 2255 Vitalium
1194 2211 1449 2269 valorem,
1486 2215 1566 2261 Pa·

284 2270 405 2329 pium
442 2274 673 2332 Faustum,
711 2279 873 2325 AElium
916 2281 1124 2337 Celsum,
1160 2283 1325 2329 Julium
1372 2285 1564 2343 Rufum,

283 2345 480 2391 Lollium
526 2348 802 2408 Professum,
846 2354 1164 2415 Arunculejum
1212 2357 1564 2415 Cornelianum,

282 2418 558 2470 Antoninum
579 2423 762 2473 Balbum
775 2459 791 2484 ,
810 2424 1083 2474 Postumium
1103 2428 1316 2476 Severum
1331 2465 1346 2487 ‚
1363 2429 1563 2496 Sergium
