1637 2785
406 148 971 197 PROCULUS.
1239 164 1329 211 237

53 257 205 322 gratiae
222 293 234 314 ‚
255 273 355 304 cum
388 256 617 319 leguntur;
648 255 882 303 tacendum
913 271 1008 302 non
1027 254 1110 312 est,
1139 256 1261 318 quod
1284 258 1334 303 &

53 329 143 392 ipse
168 328 384 392 gloriatur
412 329 456 374 in
485 328 675 390 quadam
701 327 774 374 sua
806 328 1016 391 epistola:
1041 344 1172 391 quam
1194 326 1333 389 ipsam

52 403 210 460 melius
240 400 301 448 est
332 416 532 461 ponere,
563 416 696 461 quam
727 401 780 447 de
817 417 866 448 ea
897 401 1137 462 plurimum
1173 402 1336 449 dicere.

51 478 255 522 Proculas
272 474 466 518 Meziano
483 471 604 534 affini
618 473 797 532 fizlutetn
819 476 930 521 dicit.
955 479 1123 522 Centum
1155 495 1207 521 ex
1225 479 1260 520 S
1262 493 1335 520 ar-

51 549 183 592 matia
217 547 397 607 virgines
431 547 526 606 cepi.
563 546 641 591 Ex
673 547 739 590 lzis
775 563 861 590 una
891 548 1001 591 ηοὲἵε
1036 551 1165 592 decem
1203 550 1335 593 inivi:

50 635 190 664 omnes
219 632 382 674 tamen,
419 619 531 677 qaod
558 618 604 661 itz
634 634 696 662 me
733 632 841 670 erat,
886 619 1068 663 mulieres
1099 623 1212 663 intra
1251 620 1335 665 dies

51 690 281 750 quindecim
301 690 472 733 reddidi.
493 686 751 741 Gloriatur,
771 701 819 735 ut
837 688 963 736 vides
977 725 992 747 ‚
1008 705 1099 735 rem
1119 689 1336 751 ineptam,

53 766 101 810 ὅ(
139 761 239 808 satis
271 760 580 808 libidinosam:
614 775 748 824 atque
778 762 893 809 inter
927 761 1067 809 fortes
1107 762 1147 809 se
1181 762 1349 810 haberi'

53 836 218 893 credit,
239 835 272 881 fi
296 835 533 882 criminum
560 836 771 882 denfitate
792 836 1028 885 coalescat.

126 910 244 956 XIII.
275 908 365 956 Hic
386 921 564 965 tamen,
597 926 699 955 cum
726 909 857 956 etiam
887 909 987 972 post
1016 910 1219 957 honores
1249 910 1338 958 mi-

52 981 202 1029 litares
224 981 266 1027 se
287 981 494 1044 improbe
516 983 564 1029 δε
589 981 854 1039 libidinose,
871 994 1020 1030 tamen
1040 982 1219 1030 fortiter
1237 1002 1350 1048 age-¹

53 1050 151 1110 ret,
179 1055 464 1101 hortantibus
495 1054 888 1117 Lugdunensibus,
918 1056 997 1118 qui
1028 1057 1078 1103 &
1113 1057 1167 1102 ab
1193 1060 1340 1104 Aure-

51 1125 176 1173 liano
200 1127 398 1191 graviter
425 1126 600 1174 contusi
636 1126 932 1183 videbantur,
964 1131 1011 1177 &
1033 1129 1229 1176 Probum
1254 1147 1340 1177 ve·-

53 1199 376 1247 hementiffime
408 1198 805 1263 pertimescebant,
829 1200 876 1246 in
898 1200 1138 1262 imperium
1164 1203 1341 1251 vocita-

54 1290 126 1322 tus
155 1274 250 1332 est,
280 1276 545 1339 ludo'paene
581 1276 632 1322 &
662 1273 773 1338 joco
797 1310 811 1333 ,
844 1287 892 1323 ut
928 1277 1166 1324 Onesimus
1205 1277 1342 1326 dicit:

54 1349 180 1410 quod
203 1350 382 1412 quidem
406 1349 523 1412 apud
545 1348 717 1396 nullum
737 1349 874 1395 alium
905 1349 1109 1411 reperisse
1136 1368 1207 1397 me
1233 1352 1342 1401 scio.

55 1424 171 1470 Nam
200 1439 301 1470 cum
334 1423 379 1469 in
406 1423 602 1486 quodam
631 1423 857 1470 convivio
878 1424 934 1469 ad
962 1423 1241 1471 latrunculos
1271 1426 1344 1472 lu-

56 1495 263 1554 deretur,
293 1508 427 1558 atque
456 1494 546 1556 ipse
576 1495 722 1542 decies
752 1496 998 1558 Imperator
1030 1496 1212 1556 exisset,
1243 1498 1344 1560 qui-

56 1568 157 1615 dam
190 1584 286 1615 non
318 1567 531 1632 ignobilis
555 1566 732 1626 scurra,
765 1574 890 1627 Ave,
927 1569 1097 1632 inquit,
1126 1573 1342 1638 Auguste,

55 1641 273 1703 allataque
291 1640 392 1688 lana
409 1656 628 1703 purpurea
644 1676 659 1697 ,
674 1641 869 1688 humeris
887 1640 982 1701 ejus
1002 1642 1175 1706 ingeffit
1188 1679 1202 1700 ,
1217 1660 1344 1691 eum-

57 1731 146 1777 que
178 1713 411 1761 adoravit:
438 1712 576 1759 timor
600 1712 704 1760 inde
731 1713 1045 1773 consciorum,
1077 1729 1209 1778 atque
1236 1716 1343 1763 inde

57 1785 146 1848 jam
176 1786 398 1832 exercitus
429 1785 620 1832 tentatio
657 1786 709 1834 &
736 1785 924 1848 imperii.
951 1787 1252 1835 Nonnihilum
1278 1800 1344 1834 ta-

59 1875 162 1906 men
194 1859 334 1906 Gallis
360 1858 548 1922 profuit.
575 1875 676 1910 nam
698 1859 998 1915 Alemannos,
1021 1860 1100 1924 qui
1120 1874 1239 1908 tunc
1266 1861 1344 1907 ad-

58 1931 149 1979 huc
174 1931 391 1978 Germani
414 1931 702 1990 dicebantur,
724 1948 819 1978 non
844 1931 934 1979 fine
955 1933 1112 1995 gloriae
1136 1933 1344 1996 splendo-

59 2018 106 2049 re
143 2003 392 2061 contrivit,
419 2020 649 2065 nunquam
678 2003 836 2061 aliter,
875 2021 1007 2067 quam
1041 2003 1343 2050 latrocinandi

4 2128 10 2141 ,
60 2089 264 2136 pugnans
296 2074 452 2120 modo.
484 2074 618 2121 Hunc
648 2086 795 2120 tamen
831 2074 1003 2122 Probus
1032 2073 1235 2136 fugatum
1272 2072 1345 2120 us-

60 2162 149 2209 que
173 2147 227 2193 ad
250 2147 424 2195 ultimas
448 2161 582 2194 terras
599 2183 611 2205 ,
634 2150 684 2196 &
713 2148 967 2211 cupientem
997 2149 1044 2195 in
1070 2152 1344 2195 Francorum

62 2219 279 2268 auxilium
308 2221 462 2269 venire
479 2257 492 2279 ,
511 2239 535 2268 a
553 2222 715 2284 quibus
738 2222 963 2285 originem
990 2222 1033 2269 se
1062 2222 1230 2269 trahere
1255 2220 1345 2282 ipse

61 2290 240 2346 dicebat
257 2292 389 2354 ‚ipfis
413 2294 709 2355 prodentibus
734 2294 944 2352 Francis,
969 2293 1130 2357 quibus
1155 2292 1345 2340 familia-

62 2379 111 2410 re
145 2364 206 2411 est
239 2365 431 2414 ridendo
457 2365 589 2414 fidem
619 2367 845 2430 frangere,
875 2367 989 2415 vicit
1023 2369 1071 2415 &
1104 2365 1344 2425 interemit.

65 2420 233 2492 Posteri
258 2439 351 2503 ejus
383 2441 516 2491 etiam
543 2457 665 2494 nunc
695 2441 812 2506 apud
838 2441 1150 2507 Albingaunos
1178 2450 1344 2505 agunt,
