1637 2785
284 141 652 191 ANTONINUS
688 139 1169 188 HELIOGABALUS.
1275 151 1372 201 247Ι

92 249 298 295 Montem
319 248 494 294 nivium
515 246 562 292 in
578 245 794 295 viridario
813 247 974 295 domus
995 246 1138 294 aestate
1152 245 1275 304 fecit,
1295 246 1375 294 ad-

89 320 226 367 νεξὶίς
252 319 444 367 nivibus.
469 317 539 365 Ad
568 335 686 365 mare
709 317 872 381 piscem
895 334 1124 382 nunquam
1151 318 1379 366 comedit:

87 388 136 436 in
167 390 425 452 longiffimis
465 406 489 437 a
523 389 632 436 mari
666 389 779 436 locis
809 389 963 436 omnia
993 389 1162 437 marina
1201 391 1377 453 semper

87 462 316 509 exhibuit:
338 480 637 510 muraenarum
662 463 846 511 laffibus
870 464 919 511 &
945 464 1157 527 luporum
1184 463 1230 511 in
1255 464 1374 512 locis

89 536 422 583 mediterraneis
444 537 632 585 rusticos
655 538 795 600 pavit.

153 611 327 658 XXIV.
355 611 496 658 Pisces
522 611 691 674 semper
722 612 839 676 quafi
862 611 909 658 in
935 611 1103 660 marina
1135 628 1246 675 aqua
1269 629 1374 660 cum

87 683 246 731 colore
278 682 360 729 suo
394 684 548 730 εοᾶοε
572 683 806 730 conditura
836 697 994 730 veneta
1026 684 1246 731 comedit:
1269 699 1375 729 mo-

87 755 322 802 mentarias
350 755 403 801 de
433 753 582 801 rosato
600 789 613 812 ‚
633 756 681 802 &
706 754 814 801 rofis
844 754 1030 817 piscinas
1055 754 1289 802 exhibuit:
1321 755 1377 801 &1

86 827 202 876 bibit
233 845 333 875 cum
373 826 586 874 omnibus
623 826 739 885 suis,
770 827 959 875 caldaria
994 828 1048 875 de
1081 827 1214 873 narda
1247 826 1374 873 exhi·-¹

86 902 211 951 bens.
250 903 369 949 Idem
401 902 448 948 in
489 901 681 950 lucernis
716 901 955 949 balsamum
993 900 1210 948 exhibuit.
1250 900 1377 947 Idem·-

86 974 298 1021 mulieres
333 991 562 1038 nunquam
602 973 806 1032 iteravit,
841 985 1000 1036 praeter
1039 990 1245 1020 uxorem.
1283 974 1374 1022 [ιι-ζ

88 1047 267 1110 panaria
293 1047 419 1095 domi
439 1047 622 1105 amicis,
647 1046 887 1094 clientibus
914 1048 963 1094 ὅ(
996 1046 1132 1094 servis
1155 1045 1375 1094 exhibuita

87 1120 207 1166 Idem
235 1137 464 1182 nunquam
493 1121 639 1167 minus
668 1131 845 1167 centum
873 1119 1115 1166 sestertium
1143 1118 1378 1176 coenavit,

85 1191 176 1239 hoc
195 1192 255 1238 est
275 1191 441 1256 argenti
470 1191 592 1237 libris
614 1190 807 1255 triginta.
833 1190 1092 1254 Aliquando
1122 1204 1265 1236 autem
1287 1189 1373 1235 tri-

86 1263 168 1310 bus
193 1263 387 1309 millibus
408 1262 649 1309 sestertium
676 1262 907 1319 coenavit,
929 1262 1139 1309 omnibus
1160 1262 1372 1323 supputa-

87 1336 288 1398 tis,quae
314 1334 546 1398 impendit.
573 1337 744 1382 Coenas
773 1352 886 1382 vero
917 1337 965 1383 ὅ(
991 1335 1160 1382 Vitellii
1185 1336 1232 1381 &
1255 1334 1372 1396 Api-

87 1407 146 1455 cii
178 1408 303 1456 vicit.
326 1408 468 1455 Pisces
508 1424 563 1455 ex
589 1406 776 1455 vivariis
813 1407 899 1454 suis
932 1407 1077 1454 bubus
1104 1407 1262 1453 traxit:
1292 1420 1375 1467 per

85 1481 321 1527 macellum
353 1482 566 1527 transiens
604 1480 934 1527 mendicitatem
973 1479 1194 1542 publicam
1225 1477 1375 1526 flevita

84 1553 300 1600 Parafitos
324 1554 378 1600 ad
398 1567 541 1600 rotam
568 1553 794 1616 aquariam
817 1553 1004 1614 ligabat,
1025 1555 1072 1599 ὅ(
1095 1569 1196 1599 cum
1226 1549 1372 1597 verti-

85 1625 188 1688 gine
219 1625 298 1672 sub
318 1642 455 1690 aquas
475 1626 700 1682 mittebat,
722 1624 952 1688 rursusque
977 1626 1021 1670 in
1055 1625 1268 1671 summum
1299 1634 1370 1670 re-'

88 1697 335 1744 volvebat:
363 1698 527 1760 eosque
557 1701 754 1744 Ixionios
782 1700 940 1743 amicos
970 1698 1172 1745 vocavit.
1201 1695 1369 1743 Stravit

85 1771 136 1818 δι
162 1771 274 1819 saxis
307 1771 656 1819 Lacedaemoniis
682 1788 733 1817 ac
761 1770 1101 1835 Porphyreticis
1127 1770 1292 1832 plateas
1320 1769 1371 1816 in

85 1844 258 1890 Palatio
275 1880 288 1903 ‚
318 1861 427 1908 quas
459 1847 789 1892 Antoninianas
815 1843 1032 1904 vocavit:
1051 1860 1151 1906 quae
1176 1842 1276 1889 saxa
1299 1841 1371 1889 usa

84 1930 172 1978 que
198 1914 253 1960 ad
290 1913 485 1961 nostram
520 1915 782 1961 memoriam
819 1914 1094 1967 manserunt,
1118 1913 1190 1960 sed
1226 1927 1370 1975 nuper

85 2000 210 2034 eruta
247 1989 296 2036 &
330 1988 499 2036 exsefta
533 1987 645 2036 sunt.
679 1987 983 2036 Constituerat
1017 1989 1066 2036 &
1106 1987 1372 2034 columnam

86 2078 220 2107 unam
262 2061 365 2109 dare
404 2062 663 2125 ingentem,
699 2062 752 2109 ad
788 2078 920 2124 quam
952 2059 1263 2109 ascenderetur
1295 2058 1372 2109 in-1

85 2133 325 2193 trinsecus,
360 2134 418 2182 ita
456 2148 503 2182 ut
542 2135 588 2181 in
627 2134 802 2182 summo
836 2133 1177 2198 Heliogabalum
1214 2133 1370 2180 Deum

83 2205 359 2253 collocaret:
388 2205 460 2252 sed
490 2218 663 2253 tantum
697 2205 849 2252 saxum
887 2221 984 2253 non
1015 2203 1226 2262 invenit,
1262 2219 1372 2252 cum

85 2276 131 2324 id
150 2278 203 2322 de
221 2277 449 2325 Thebaide
468 2278 621 2325 afferre
643 2278 880 2342 cogitaret.

151 2351 305 2398 XXV.
334 2351 494 2398 Ebrios
523 2353 693 2402 amicos
725 2353 989 2417 plerumque
1025 2350 1289 2409 claudebat,
1318 2350 1371 2399 &

87 2419 234 2471 subito
262 2423 395 2473 noste
422 2423 608 2489 leones,
638 2426 692 2476 δε
714 2424 977 2490 leopardos,
1006 2425 1058 2472 &
1084 2423 1211 2473 ursos
1237 2439 1371 2477 exat-2

969 2499 1084 2565 ,(24
