1637 2785
112 184 419 233 TREBELLH
438 181 755 229 POLLloNss
775 179 1056 226 GALLiENl
1082 178 1234 226 D'UO.
1273 177 1327 225 8·

57 293 260 339 fuerunt:
290 290 507 354 primum,
534 288 660 350 quod
683 302 819 333 nemo
847 303 904 332 eo
931 302 1135 348 tempore
1164 285 1336 348 sapien-

56 368 148 412 tior
162 366 326 414 ducum
343 362 614 415 habebatur,
631 375 767 405 nemo
783 361 835 405 aa
856 376 922 405 res
940 359 1154 422 gerendas
1168 359 1337 420 aptior:

58 438 218 486 deinde
233 437 487 489 dififfimus,
511 437 560 482 &
582 433 660 496 qui
682 432 868 494 privatis
888 433 1028 494 pofl'et
1047 432 1240 479 fortunis
1263 449 1342 494 pu-

59 510 175 560 blica
200 511 381 572 explere
402 507 644 569 dispendia.
671 505 760 552 huc
790 505 1056 560 accedebat,
1084 506 1209 567 quod
1233 505 1342 552 libe-

61 583 96 628 ri
116 584 223 645 ejvs,
242 581 463 630 fortiffimi
484 580 694 641 juvene5‚
715 592 808 626 tota
828 592 975 625 mente
991 579 1036 624 in
1057 579 1219 625 bellum
1241 595 1345 624 rue-

61 656 193 713 bant,
229 669 278 703 ut
310 655 445 703 effent
476 653 729 717 legionibus
757 652 969 714 exemplo
1000 652 1055 698 ad
1080 653 1232 698 omnia
1261 652 1346 698 mi·-

63 729 224 792 lxitaria.

126 806 175 850 Il.
201 801 450 850 Macrianus
463 816 570 864 ergo
586 835 598 856 ,
617 798 816 862 undique
839 798 1037 846 colleffis
1052 798 1350 854 exercitibus,

65 875 268 924 Orientis
295 889 441 936 partes
473 873 631 935 petiit:
663 885 794 935 atque
823 885 872 918 ut
895 871 1038 933 poffet
1058 872 1143 918 late
1163 871 1242 918 fibi
1275 872 1349 918 de·

65 948 207 995 latum
237 945 475 993 defendere
495 946 543 990 &
570 943 686 990 tueri
710 942 944 1004 imperium
966 980 979 1001 ,
1004 944 1174 991 bellum
1200 945 1255 991 fic
1277 945 1348 990 in-

67 1020 255 1078 struxit,
281 1033 413 1081 atque
444 1017 596 1080 copias
628 1017 684 1064 fic
710 1017 883 1078 paravit
902 1052 916 1075 ,
942 1030 990 1063 ut
1011 1017 1115 1064 esset
1143 1019 1350 1065 omnium

5 1156 7 1160 Α
68 1092 439 1154 circumspectus,
460 1108 560 1153 quae
589 1106 747 1137 contra
779 1107 879 1157 eum
917 1101 1127 1152 poterant
1144 1091 1352 1155 cogitari.

68 1168 188 1212 Mem
218 1166 474 1212 Macrianus
496 1164 699 1210 Pisonem
716 1198 728 1220 ,
745 1179 885 1209 unum
904 1179 958 1209 ex
979 1162 1207 1210 nobilibus
1231 1163 1345 1225 prin>

71 1239 244 1301 cipibus
264 1241 474 1293 Senatus,
492 1238 544 1282 ad
575 1234 786 1296 Achajam
817 1235 1056 1283 destinavit
1081 1237 1144 1282 ob
1163 1237 1252 1283 hoc
1268 1273 1280 1291 ‚
1303 1250 1354 1284 ut

70 1313 306 1358 Valentem
329 1346 341 1368 ,
372 1310 448 1373 qui
481 1309 572 1357 illic
604 1307 921 1371 proconsulari
948 1308 1140 1371 imperio
1172 1328 1352 1374 rempu-

70 1387 232 1434 blicam
261 1385 534 1449 gubernabat
559 1421 572 1442 ,
594 1384 886 1446 opprimeret.
905 1385 989 1431 Sed
1010 1386 1203 1445 Valens,
1224 1404 1354 1434 com-

73 1473 233 1523 perto,
265 1461 387 1516 quod
418 1461 517 1505 Piso
549 1472 709 1506 contra
742 1458 783 1504 se
807 1458 1009 1516 veniret,
1033 1459 1180 1506 sumsit
1210 1463 1353 1523 impe-

74 1535 202 1579 rium.
239 1533 337 1578 Piso
376 1532 510 1594 igitur
548 1531 592 1576 in
622 1530 889 1577 Theffaliam
930 1531 970 1576 se
1016 1534 1199 1591 recepit.
1236 1534 1312 1580 ubi
1341 1569 1356 1592 ,

75 1604 210 1651 ruiflis
228 1622 252 1651 a
274 1602 463 1651 Valente
492 1603 705 1650 militibus
737 1603 1074 1664 compluribus,
1098 1606 1358 1655 interfeflus

77 1678 273 1738 estzipse
301 1694 485 1740 quoque
512 1679 758 1738 Imperator
776 1676 1020 1739 appellatus
1045 1693 1358 1743 cognomento

77 1750 364 1798 Thessalicus.
405 1750 489 1797 Sed
527 1751 780 1806 Macrianus
802 1786 816 1808 ,
861 1764 1038 1797 retento
1080 1751 1126 1797 in
1166 1754 1358 1802 Oriente

79 1841 173 1870 uno
201 1841 255 1872 ex
278 1824 406 1880 filiis,
433 1826 600 1885 pacatis
623 1839 769 1871 tamen
800 1825 962 1881 rebus,
995 1826 1060 1872 As
1050 1843 1135 1872 iam
1164 1829 1359 1890 primum

79 1899 230 1954 venit,
250 1898 409 1944 deinde
425 1897 656 1960 Illyricum
683 1898 829 1959 petiit:
853 1899 895 1944 in
929 1860 1119 1963 [ilyrico
1141 1917 1240 1948 cum
1264 1905 1358 1950 Au·

80 1971 210 2017 reolo
240 1973 541 2034 Imperatore,
560 1971 634 2034 qui
657 1986 815 2018 contra
840 1973 1095 2019 Gallienum
1121 1973 1360 2037 imperium

80 2042 316 2102 sumserat,
344 2044 456 2091 duce
485 2044 756 2090 Domitiano
783 2044 994 2100 nomine,
1027 2063 1207 2092 manum
1246 2065 1359 2094 con-

82 2115 215 2163 seruit
235 2151 248 2173 ‚
273 2131 410 2161 unum
446 2133 502 2162 ex
533 2114 632 2161 filiis
664 2116 805 2162 secum
835 2116 999 2162 habens
1019 2153 1032 2173 ‚
1061 2120 1108 2164 ὅ(
1145 2119 1362 2181 tringinta

81 2189 221 2236 millia
258 2188 450 2236 militum
486 2190 667 2237 ducens.
699 2192 783 2236 Sed
822 2192 964 2239 victus
1003 2193 1065 2240 est
1104 2195 1363 2243 Maciianus

84 2278 188 2307 cum
230 2259 327 2307 filio
372 2262 604 2308 Macriano
651 2263 775 2308 nomi
782 2279 866 2322 ne,
903 2263 1166 2351 deditusque
1213 2267 1363 2315 omnis

85 2336 304 2382 exercitus
334 2335 538 2381 Aureolo
571 2336 848 2416 Imperatori

149 2409 220 2454 lll.
256 2407 453 2453 Turbata
487 2406 664 2453 interim
695 2407 923 2470 republica
953 2420 1146 2471 totoque
1186 2410 1365 2471 penitus

87 2479 197 2527 orbe
218 2493 431 2527 terrarum
447 2515 458 2537 ,
475 2479 551 2526 ubi
569 2480 802 2552 Odenatus
821 2480 1061 2544 comperit,
1083 2483 1365 2531 Macrianum

1016 2558 1046 2601 F
1087 2574 1110 2602 a.
