1637 2785
240 166 305 211 M.
358 162 529 227 ANT.
584 155 1173 207 PHILOSOPHUS.
1283 173 1337 222 55

71 281 120 317 ut
146 270 194 317 &
217 280 531 331 procuratores
561 265 664 312 suos
694 281 805 327 puer
828 265 997 327 semper
1023 274 1257 320 moneret,
1286 278 1344 310 ne

70 341 181 404 quid
216 339 489 402 arrogantius
521 337 747 392 facerent,
773 339 823 385 &
859 337 1121 384 hereditates
1153 336 1344 391 delatas,

5 458 10 464 ,
71 413 258 459 reddens
292 411 539 474 proximis,
580 408 823 472 aliquando
868 408 1092 471 respuerit.
1130 409 1349 471 Denique·

70 503 150 548 per
178 484 409 548 viginti&
431 497 517 530 tres
536 500 679 530 annos
706 483 752 529 in
775 483 915 528 domo
945 482 1081 545 patris
1111 482 1169 528 ita
1191 481 1346 530 versa-

69 572 171 616 tus,
201 572 252 606 ut
285 557 377 619 ejus
409 558 612 622 quotidie
642 573 769 604 amor
803 556 1044 604 cresceret:
1071 572 1153 604 nec
1184 570 1349 618 praeterr

69 635 177 682 duas
211 634 362 681 noftes
394 649 473 695 per
505 645 574 679 tot
600 649 743 679 annos
777 632 832 678 ab
867 648 923 678 eo
952 631 1133 686 mansit,
1162 629 1344 676 diversis

69 706 259 753 vicibus.
288 706 365 751 Ob
396 705 486 752 hoc
517 705 776 752 Antoninus
802 703 934 758 Pius,
963 719 1063 749 cum
1096 701 1177 747 fibi
1204 702 1346 748 adesse

69 777 204 825 finem
231 778 338 826 vitae
360 777 558 835 videret,
582 778 757 825 vocatis
781 776 935 823 amicis
957 777 1005 823 ὅ(
1031 774 1272 838 ρῑκῑεᾶἰε,
1296 785 1349 821 ut

70 852 362 900 successorem
408 868 510 897 eum
551 851 727 913 imperii
765 851 973 897 omnibus
1010 849 1350 896 commendavit

70 940 204 988 atque
234 924 456 971 firmavit:
479 923 715 986 statimque
739 923 864 986 signo
883 925 1240 984 AEquarzimitatis
1264 922 1349 969 tria

69 998 195 1044 buno
214 998 318 1043 dato
337 1032 350 1055 ,
370 999 610 1042 Fortunam
632 1013 806 1043 auream
822 1032 835 1055 ,
851 1014 952 1059 quae
973 997 1017 1042 in
1043 995 1256 1043 cubiculo
1276 994 1348 1040 so-

69 1071 186 1118 lebat
209 1072 320 1128 effe,
345 1072 398 1117 ad
424 1070 566 1117 Marci
600 1070 857 1116 cubiculum
882 1070 1062 1116 tranfire
1095 1068 1224 1129 justit,
1254 1070 1348 1114 Bo-

71 1161 236 1191 norum
267 1156 572 1190 maternorum
611 1158 777 1204 partem
818 1143 1041 1189 Mummio
1075 1143 1348 1201 Quadrato,

70 1214 239 1262 sororis
265 1214 390 1269 filio,
421 1214 555 1279 (quia
584 1216 657 1261 illa
683 1215 767 1277 jam
798 1229 974 1262 mortua
1001 1216 1124 1276 erat)
1154 1213 1349 1261 tradidit.

70 1288 171 1334 Post
197 1287 417 1334 excessum
440 1288 554 1335 Divi
583 1288 675 1345 Pii,
703 1306 728 1335 a
754 1289 902 1334 senatu
934 1289 1116 1335 cantus
1147 1287 1348 1350 regimen

70 1359 300 1422 publicum
327 1376 511 1421 capere,
537 1359 712 1406 fratrem
743 1361 823 1407 sibi
847 1361 1106 1423 participem
1133 1361 1177 1407 in
1209 1361 1350 1421 impe-

71 1433 141 1478 rio
170 1433 437 1496 designavit:
462 1449 595 1493 quem
621 1433 795 1480 Lucium
816 1437 1033 1481 Aurelium
1060 1438 1208 1480 Verum
1228 1437 1350 1479 Com-

73 1509 239 1552 modum
274 1506 542 1567 appellavit,
583 1506 893 1568 Caesaremque
931 1520 1063 1569 atque
1102 1505 1353 1568 Augustum

71 1577 198 1623 dixit.
221 1589 351 1638 atque
383 1593 438 1622 ex
468 1593 524 1622 eo
558 1578 722 1638 pariter
757 1589 997 1638 coeperunt
1028 1576 1352 1638 rempublicam

72 1667 239 1714 regere.
267 1666 465 1712 tuncque
490 1651 683 1712 primum
702 1651 956 1696 Romanum
974 1650 1209 1711 imperium
1231 1651 1351 1696 duos

72 1725 299 1787 Augustos
332 1724 492 1771 habere
518 1725 688 1786 coepit,
707 1728 731 1750 ’ξ
751 1724 898 1770 lictum
924 1740 1025 1771 cum
1052 1724 1141 1770 alio
1163 1724 1350 1785 partici-

72 1800 219 1861 paffet.
251 1798 472 1845 Antonini
500 1815 608 1844 mox
636 1798 727 1860 ipse
759 1815 925 1845 nomen
958 1797 1138 1859 recepit.
1161 1799 1209 1844 &
1231 1796 1354 1859 quast·

72 1861 198 1931 pater
225 1871 352 1918 Lucii
379 1870 627 1917 Commodi
655 1870 785 1927 esset,
815 1873 863 1918 δι
887 1873 1057 1917 Verum
1076 1886 1175 1916 eum
1199 1868 1353 1932 appel-

71 1943 210 2000 lavit,
231 1943 386 1990 addito
407 1942 631 1990 Antonini
651 1942 862 2000 nomine,
879 1941 1105 2005 filiamque
1122 1941 1240 1988 suam
1263 1943 1352 1989 Lu·

73 2013 218 2060 cillam
248 2014 373 2061 fratri
410 2014 658 2075 despondit.
693 2015 770 2061 Ob
806 2015 919 2063 hanc
953 2013 1356 2076 conjunffionem,

74 2103 236 2148 pueros
266 2090 315 2135 &
339 2087 505 2150 puellas
524 2104 757 2136 novorum
783 2089 1022 2136 hominum
1048 2088 1358 2136 frumentariae

75 2160 356 2221 perceptioni
380 2161 569 2209 adscribi
593 2176 912 2224 praeceperunt.
933 2164 1049 2210 Actis
1070 2163 1205 2227 igitur
1219 2198 1235 2221 ,
1252 2179 1358 2226 quae

76 2233 242 2295 agenda
273 2232 470 2292 fuerant,
498 2233 544 2280 in
578 2235 739 2281 Senatu
756 2271 770 2292 ‚
792 2236 954 2298 pariter
981 2236 1115 2283 castra
1144 2234 1359 2298 praetoria

75 2305 364 2368 petiverunt,
388 2308 437 2355 &
464 2308 623 2356 vicena
653 2308 793 2355 millia
819 2310 1054 2356 nummum
1085 2308 1263 2371 singulis
1292 2307 1362 2353 ob

76 2377 390 2440 participatum
431 2378 666 2441 imperium
703 2380 918 2429 militibus
951 2381 1280 2444 promiserunt,
1305 2381 1358 2427 &

78 2450 236 2499 ceteris
268 2467 353 2516 pro
388 2465 503 2517 trata..
528 2453 745 2502 Hadriani
770 2468 917 2503 autem
943 2451 1160 2516 ‘sepulcro
1194 2468 1363 2516 corpus

975 2528 1093 2587 D4
