1637 2785
252 153 758 202 ALEXANDER
808 156 1181 204 SEVERUS.
1280 156 1371 221 289

177 262 315 309 XLII.
353 261 558 308 Thermis
593 263 639 308 &
679 261 762 309 suis
803 265 851 309 ὅ(
885 276 1086 310 veterum
1120 262 1376 327 frequenter

97 350 198 381 cum
231 333 405 396 populo
434 333 535 379 usus
566 333 654 388 est,
677 334 726 379 δι
758 334 900 379 aestate
932 336 1150 392 maxime,
1181 334 1377 382 balneati

101 407 220 451 veste
248 406 301 450 ad
323 403 535 450 Palatium
566 414 819 457 revertens;
838 403 926 450 hoc
959 403 1100 452 solum
1133 407 1379 470 imperato-

99 479 216 524 rium
252 477 440 534 habens,
479 477 603 539 quod
636 476 855 523 lacernam
890 478 1149 525 coccineam
1184 481 1380 543 accipie-

100 552 190 597 bat.
213 550 455 596 Cursorem
479 565 707 610 nunquam
735 547 812 593 nisi
839 547 1017 594 servum
1042 548 1162 596 suum
1178 586 1192 608 ,
1213 553 1383 612 dicens,

101 622 345 685 ingenuum
370 638 549 669 currere
567 657 580 676 ‚
597 620 674 666 nisi
697 620 742 666 in
762 620 884 665 sacro
905 622 1169 679 certamine,
1186 638 1277 668 non
1307 625 1383 672 de-

101 695 234 742 bere:
265 711 430 752 cocos,
463 694 702 756 piscatores
721 729 733 750 ,
754 692 974 750 fullones,
1003 695 1048 754 &
1078 694 1384 755 balneatores,

104 769 282 816 nonnisi
311 769 467 816 servos
495 768 595 814 suos
625 768 803 814 habuit:
830 767 889 813 ita
916 781 993 823 ut,
1019 768 1049 814 si
1071 768 1173 832 quis
1196 770 1384 830 deeffet,

104 855 283 889 emeret.
324 842 528 887 Medicus
563 840 640 886 sub
674 856 730 886 eo
772 855 886 886 unus
926 839 1144 902 palatinus
1185 842 1386 890 salarium

105 913 302 976 accepit:
340 913 476 960 ceteri
503 929 690 970 omnes,
711 912 789 975 qui
822 911 959 975 usque
993 912 1046 959 ad
1077 912 1146 964 sei(
1179 913 1387 974 fuerunt,

99 1002 306 1034 annonas
333 985 458 1032 binas
488 997 564 1031 aut
596 998 740 1032 ternas
765 984 1071 1047 accipiebant,
1108 986 1165 1032 ita
1189 1000 1236 1033 ut
1258 1006 1388 1034 mun-

106 1062 183 1108 das
224 1060 412 1124 singulas
445 1060 859 1122 consequerentur,
899 1059 1004 1106 alias
1038 1059 1178 1108 aliter.
1214 1063 1390 1113 Judices

107 1150 208 1195 cum
245 1145 565 1196 promoveret,
592 1132 803 1193 exemplo
838 1147 1064 1187 veterum,
1094 1145 1142 1178 ut
1173 1134 1222 1180 &
1255 1134 1390 1182 Cice-

108 1222 164 1252 ro
196 1206 360 1262 docet,
393 1207 443 1253 δε
468 1217 654 1268 argento
681 1207 729 1252 δι
761 1205 1009 1251 necessariis
1037 1204 1302 1265 instruebat,
1328 1207 1391 1255 ita

111 1289 162 1325 ut
195 1277 396 1340 pr'aefides
425 1277 761 1339 provinciarum
796 1276 1050 1339 acciperent
1076 1280 1245 1341 argenti
1275 1296 1393 1341 pon·

111 1351 172 1396 do
201 1350 386 1406 vicena,
417 1348 584 1410 phialas
613 1349 762 1407 senas,
793 1349 940 1395 mulos
970 1349 1132 1405 binos,
1157 1367 1296 1412 equos
1325 1351 1395 1398 bie

113 1440 223 1484 nos,
245 1425 386 1472 vestes
403 1424 599 1472 forenses
620 1425 767 1481 binas,
786 1424 1048 1471 domesticas
1070 1423 1279 1489 singulas,
1302 1426 1397 1472 bal·-

113 1514 264 1545 neares
287 1499 474 1562 singulas
491 1534 504 1554 ‚
534 1514 693 1544 aureos
727 1510 942 1545 centenos
963 1534 975 1554 ,
998 1515 1139 1545 cocos
1170 1498 1395 1561 singulos,

114 1569 338 1614 muliones
359 1569 573 1631 singulos;
601 1570 650 1615 &
665 1605 679 1625 ,
703 1569 732 1614 si
754 1585 916 1614 uxores
935 1585 1029 1614 non
1051 1570 1286 1622 haberent,
1307 1569 1396 1616 sin-

115 1641 238 1704 gulas
270 1640 571 1693 concubinas,
597 1641 720 1702 quod
751 1640 838 1685 fine
869 1639 935 1685 his
964 1639 1046 1685 esse
1075 1656 1166 1686 non
1197 1642 1396 1703 possent&

118 1712 363 1770 reddituri,
379 1712 574 1773 deposita
607 1713 986 1759 administratione
1005 1749 1016 1769 ‚
1037 1714 1198 1771 mula-³,
1220 1717 1365 1763 mulos
1381 1752 1397 1776 ,

119 1802 281 1849 equos,
309 1785 560 1842 muliones,
590 1787 639 1833 &
680 1802 842 1831 cocos:
878 1799 1021 1832 cetera
1062 1787 1137 1832 sibi
1176 1787 1398 1846 habituri,

121 1860 151 1905 fi
183 1860 296 1905 bene
327 1857 536 1920 egiffent;
566 1859 612 1903 in
644 1857 942 1920 quadruplum
974 1859 1216 1917 reddituri,
1243 1861 1273 1905 si
1304 1877 1399 1907 ma-

121 1930 162 1976 Ie
177 1966 191 1987 ,
212 1943 371 1993 praeter
397 1929 847 1989 condemnationem,
866 1941 942 1976 aut
963 1931 1220 1993 peculatus,
1239 1945 1314 1979 aut
1335 1950 1401 1980 re·
1443 1983 1448 1986 ,

121 2006 436 2066 petundarum.

188 2075 344 2121 XLIII.
374 2077 511 2137 Leges
537 2073 792 2121 innumeras
822 2073 979 2121 sanxit.
1011 2076 1227 2123 Carrucas
1244 2077 1404 2125 Ronfae

126 2151 175 2196 &
198 2149 354 2193 rhedas
385 2147 677 2193 senatoribus
698 2148 909 2194 omnibus
930 2161 977 2193 ut
998 2161 1242 2211 argentatas
1268 2150 1403 2195 habe·

125 2233 258 2277 rent,
297 2220 523 2281 permisit:
554 2221 754 2267 interesse
791 2223 1010 2268 Romanae
1053 2222 1279 2286 dignitatis
1317 2238 1403 2286 pu-

125 2307 224 2355 tans
247 2327 261 2349 ,
297 2306 344 2336 ut
390 2291 456 2337 his
493 2304 627 2339 tantae
658 2295 782 2340 urbis
826 2295 1062 2342 Senatores
1112 2297 1408 2345 vectarentun.

130 2363 351 2410 Consules
384 2364 676 2428 quoscunque
703 2368 775 2414 vei
805 2367 1084 2426 ordinarios,
1108 2370 1181 2415 vel
1210 2369 1409 2416 suffeetos
1461 2418 1465 2426 ,

132 2439 336 2494 creavit,
364 2453 418 2483 ex
456 2439 642 2486 Senatus
668 2440 883 2489 sententia
911 2442 1193 2502 nominavit,
1217 2442 1409 2492 sumtum

230 2516 400 2576 Scriptt.
430 2514 493 2560 H.
529 2517 590 2561 A,
1060 2519 1103 2565 T
