1714 2807
311 164 409 214 '166
542 165 1412 214 FLAvltvoplscl

314 267 546 334 diximus)
583 269 801 317 consensu
839 269 1047 318 omnium
1086 250 1323 336 legionum
1367 271 1508 321 fastus
1547 273 1611 322 est

313 345 578 403 Imperator.

382 418 544 464 XVIII.
576 417 760 481 Equites
795 417 894 465 sane
927 434 1088 467 omnes
1119 430 1222 467 ante
1258 419 1498 484 imperium
1531 419 1614 469 sub

315 491 514 539 Claudio
546 493 812 540 Aurelianus
842 494 1132 555 gubernavit,
1158 512 1262 542 cum
1286 496 1500 544 offensam
1521 513 1612 543 ma-

315 564 437 628 gistri
476 583 636 615 eorum
677 568 984 624 incurriffent,
1013 570 1140 632 quod
1178 584 1376 629 temere,
1415 549 1613 618 ‘Claudio

317 654 416 684 non
451 638 662 701 jubente,
703 641 977 704 pugnassent.
1009 644 1116 688 Item
1153 643 1416 691 Aurelianus
1451 655 1613 692 contra

317 713 492 761 Suevos
512 715 560 761 &
591 716 808 761 Sarmatas
832 714 984 760 iisdem
1007 715 1290 777 temporibus
1315 715 1614 764 vehementis-

317 782 424 830 fime
453 784 713 843 dimicavit,
731 802 780 832 ac
803 785 1158 833 florentissimam
1184 787 1422 834 vicioriam
1445 788 1614 836 retulit.

319 859 517 922 Accepta
546 859 607 906 est
649 859 749 906 sane
788 860 934 908 clades
973 860 1050 907 sub
1084 862 1329 910 Aureliano
1365 881 1389 910 a
1426 866 1613 910 Marco-

318 933 494 980 mannis
520 949 598 996 per
630 949 843 980 errorem.
868 951 970 980 nam
998 935 1103 982 dum
1130 935 1166 982 is
1194 952 1218 982 a
1246 935 1398 984 fronte
1417 953 1510 983 non
1529 954 1613 984 cu-

319 1020 388 1052 rat
415 1022 688 1062 occurrere,
720 1006 870 1053 subito
895 1007 1259 1070 erumpentibus,
1288 1009 1486 1072 dumque
1510 1009 1615 1056 illos

321 1095 348 1127 a
379 1079 514 1127 dorso
550 1080 754 1144 persequi
775 1094 935 1143 parat,
965 1082 1122 1129 omnia
1151 1081 1267 1129 circa
1304 1083 1616 1130 Mediolanum

319 1154 522 1214 graviter
561 1154 753 1200 evastata
794 1154 910 1201 sunt.
939 1154 1091 1216 postea
1129 1166 1279 1202 tamen
1314 1155 1394 1219 ipfi
1431 1171 1618 1219 quoque

323 1227 641 1275 Marcomanni
679 1227 869 1288 superati
900 1227 1089 1275 sunt.1n
1123 1228 1204 1276 illo
1236 1242 1384 1275 autem
1416 1229 1581 1275 timore
1601 1264 1618 1286 ,

319 1317 418 1364 quo
454 1301 771 1348 Marcomanni
803 1301 961 1348 cunCta
993 1301 1255 1358 vastabant,
1286 1301 1489 1368 ingentes
1518 1301 1619 1347 Ro-

321 1391 409 1420 mae
443 1373 682 1421 seditiones
711 1386 848 1420 motae
881 1380 1009 1427 lunt,
1039 1374 1310 1435 paventibus
1338 1374 1535 1432 cunffis,
1562 1389 1619 1419 ne

323 1446 517 1503 eadem,
558 1463 661 1509 quae
693 1446 772 1493 sub
814 1446 1030 1494 Gallieno
1074 1445 1276 1504 fuerant,
1304 1447 1620 1510 provenirent.

323 1535 465 1582 quare
492 1518 626 1565 etiam
658 1518 761 1566 libri
796 1519 1040 1582 Sibyllini,
1073 1520 1171 1565 noti
1204 1518 1434 1566 beneficiis
1468 1519 1619 1583 publi-

323 1593 414 1647 cis,
438 1593 620 1655 inspeffi
651 1593 780 1650 sunt;
812 1594 1172 1656 inventumque,
1193 1609 1242 1640 ut
1273 1593 1319 1640 in
1343 1592 1474 1641 certis
1504 1593 1621 1640 locis

324 1665 541 1715 sacrificia
569 1667 753 1726 fierent,
772 1686 872 1733 quae
905 1668 1078 1715 barbari
1103 1667 1287 1715 transire
1310 1684 1403 1714 non
1429 1668 1621 1731 possent.

324 1742 453 1790 facia
475 1742 668 1807 denique
689 1743 788 1789 sunt
805 1760 852 1790 ea
870 1778 883 1801 ,
906 1759 1006 1807 quae
1026 1755 1249 1805 praecepta
1283 1742 1458 1789 fuerant
1482 1742 1528 1788 in
1550 1742 1622 1789 di-

326 1815 461 1864 verso
491 1816 854 1864 caerimoniarum
880 1833 1072 1881 genere:
1103 1829 1238 1880 atque
1262 1816 1322 1862 ita
1353 1815 1528 1863 barbari
1551 1832 1622 1863 re-

326 1886 560 1947 stiterunt,
586 1906 701 1953 quos
725 1906 885 1938 omnes
906 1889 1173 1936 Aurelianus
1190 1890 1380 1953 carptim
1411 1899 1623 1953 vagantes

328 1962 514 2011 occidit.
540 1964 667 2011 Libet
694 1965 830 2028 ipsius
860 1964 1232 2013 senatusconsulti
1258 1963 1449 2013 formam
1479 1980 1622 2028 expo-

329 2051 465 2094 nere,
501 2053 597 2100 quo
629 2038 769 2085 libros
808 2037 967 2102 inspici
1008 2036 1351 2086 clariffimorum
1391 2034 1511 2123 jussit
1546 2052 1622 2083 au-

328 2107 527 2158 (toritas.

395 2183 525 2230 XIX.
545 2182 636 2230 Die
666 2182 802 2231 tertio
821 2184 923 2231 Idus
951 2183 1202 2242 Januarias,
1228 2182 1411 2230 Fulvius
1430 2182 1622 2232 Sabinus

330 2256 503 2302 Piaetor
524 2257 718 2303 urbanus
738 2257 872 2304 dixit:
892 2258 1125 2316 Referimus
1153 2262 1214 2305 ad
1232 2276 1332 2315 vos,
1351 2261 1499 2305 Patres
1520 2275 1621 2303 con·

320 2331 506 2392 scripti,
529 2332 784 2390 Pontificum
805 2333 916 2394 sugg
917 2332 1020 2396 estio,
1017 2351 1060 2377 ἰι
1050 2351 1134 2390 m,
1169 2331 1212 2379 ὃ·
1240 2335 1469 2378 Aureliani
1489 2333 1624 2377 Prin-

335 2406 443 2466 cipis
463 2407 603 2452 literas
619 2441 632 2463 ‚
650 2409 796 2467 quibus
808 2407 1001 2464 jubetur,
1023 2425 1067 2454 ut
1089 2369 1372 2469 irispzciantur
1382 2405 1544 2465 fatales
1566 2408 1624 2452 li-

334 2479 400 2526 bri
415 2511 431 2536 ,
460 2480 609 2541 quibus
633 2480 729 2542 spes
755 2483 848 2528 belli
874 2484 1127 2529 terminandi
1143 2481 1315 2542 Jizcrato
1330 2481 1518 2527 Deorum
1537 2481 1624 2525 im-
