1637 2785
271 138 638 185 ANTONINUS
674 140 1184 188 HELIOGABALUS*
1272 158 1357 201 241

83 257 177 292 tum
204 245 416 309 designati
444 245 579 291 effent
608 245 856 301 Consules,
887 247 1036 294 noluit
1068 265 1169 294 cum
1199 252 1365 297 conso·
1415 304 1419 308 ¹

81 319 217 366 brino
242 319 498 380 procedere.
521 318 590 364 Ad
612 331 863 364 extremum
887 337 987 366 cum
1009 321 1048 366 ei
1073 323 1168 368 avia
1197 327 1246 373 ὅ(
1271 344 1366 373 ma-

82 404 149 437 ter
177 392 396 448 (licerent,
416 390 649 437 imminere
676 389 838 437 milites
859 393 913 438 ad
938 391 1032 453 ejus
1055 396 1270 456 exitium,
1291 401 1371 447 nisi

81 463 377 511 concordiam
398 462 605 510 viderent
627 463 744 510 inter
762 462 802 510 se
821 464 1203 515 consobrinorum
1219 506 1231 528 ‚
1254 471 1369 519 sum-

82 550 126 583 ta
158 548 367 597 praetexta
384 571 396 593 ,
422 535 534 582 hora
560 535 646 582 diei
672 535 792 581 sexta
820 536 1028 598 proceffit
1053 537 1104 583 ad
1127 541 1338 589 Senatum
1355 582 1366 602 ,

83 607 180 654 avia
213 608 285 653 sua
314 608 368 654 ad
398 608 609 654 Senatum
644 621 834 666 vocata,
865 610 913 657 δε
940 609 996 655 ad
1024 609 1171 658 sellam
1198 618 1372 674 produ-

84 682 164 730 aa.
198 681 378 728 Deinde
419 681 463 728 in
507 681 788 742 Capitolium
823 683 878 729 ad
921 694 1033 729 vota
1069 684 1370 747 concipienda

84 757 134 802 δι
157 754 426 817 perficienda
447 755 661 802 solemnia
686 754 750 803 ire
778 754 950 802 noluit:
975 756 1129 803 omnia
1152 775 1231 820 per
1253 761 1370 807 Prae-

83 828 247 875 fesium
273 829 493 876 urbanum
512 827 621 876 fasta
640 827 764 888 sunt,
782 827 904 893 quasi
918 829 1143 878 Consules
1165 830 1258 879 illic
1277 849 1373 880 non

83 903 237 950 effent.

150 977 276 1023 XVI.
299 975 395 1023 Nec
412 975 581 1024 distulit
600 977 765 1024 caedem
785 977 1072 1026 consobrini:
1091 978 1162 1026 sed
1179 978 1338 1029 timens
1361 1018 1376 1040 ,

87 1065 144 1096 ne
171 1050 357 1096 Senatus
386 1050 438 1096 ad
464 1050 656 1113 aliquem
686 1051 728 1097 se
760 1050 1023 1109 inclinaret,
1047 1051 1077 1098 fi
1106 1052 1181 1099 ille
1210 1054 1378 1101 conso-

85 1121 268 1169 brinum
295 1122 553 1179 occidisset,
584 1121 702 1182 jussit
728 1122 876 1169 subito
905 1124 1111 1170 Senatum
1139 1126 1265 1174 Urbe
1297 1128 1376 1174 de·

85 1195 271 1242 cedere:
302 1194 547 1257 omnesque
576 1195 707 1241 etiam
722 1231 735 1253 ,
751 1195 912 1257 quibus
931 1207 1009 1242 aut
1036 1196 1245 1246 vehicula
1261 1235 1274 1256 ‚
1299 1214 1375 1247 aut

85 1268 207 1315 servi
234 1268 442 1325 deerant,
465 1267 616 1314 subito
641 1267 867 1330 proficisci
892 1267 990 1330 juffi
1019 1268 1149 1327 sunt;
1171 1287 1273 1319 cum
1302 1273 1377 1320 alii

86 1358 167 1404 per
190 1340 392 1403 bajulos,
420 1341 495 1388 alii
523 1358 602 1404 per
631 1340 820 1389 fortuita
846 1339 1058 1392 animalia
1090 1346 1140 1393 δι
1168 1348 1377 1394 mercede

87 1416 310 1465 conduaa
333 1415 615 1463 veherentur.
639 1414 848 1464 Sabinum
877 1415 1174 1464 Consularem
1198 1418 1349 1465 virum
1364 1456 1377 1477 ‚

90 1491 147 1538 ad
179 1507 311 1554 quem
332 1489 482 1538 ‘libros
517 1489 742 1552 Ulpianus
780 1488 974 1551 scripsit,
1009 1490 1134 1551 quod
1169 1491 1215 1537 in
1254 1493 1378 1540 Urbe

89 1561 386 1619 remansisset,
404 1575 576 1609 vocato
606 1560 899 1620 centurione,
921 1561 1206 1609 mollioribus
1231 1564 1379 1612 verbis

90 1634 212 1697 juffit
242 1634 405 1683 occidi.
431 1635 515 1682 Sed
547 1632 786 1692 centurio,
812 1650 919 1681 aure
954 1633 1162 1694 surdior,
1187 1635 1379 1700 impera-

89 1707 131 1755 ri
166 1707 244 1754 fibi
277 1707 490 1763 credidit,
525 1719 575 1754 ut
607 1707 733 1754 Urbe
763 1707 1034 1769 pelleretur;
1062 1708 1216 1773 itaque
1256 1708 1377 1759 fecit.

92 1780 153 1828 fic
180 1780 342 1828 vitium
373 1780 652 1828 centurionis
682 1780 851 1828 Sabino
879 1781 1008 1829 saluti
1035 1780 1134 1830 fuit.
1158 1784 1380 1831 Removit

93 1857 144 1903 &
169 1855 416 1917 Ulpianum
438 1844 835 1917 jurisconsultum,
853 1871 903 1902 ut
932 1855 1103 1903 bonum
1132 1857 1308 1905 virum:
1332 1861 1381 1907 ὅ(

93 1928 322 1975 Silvinum
353 1928 609 1987 rhetorem,
637 1943 771 1991 quem
805 1926 1060 1991 magistrum
1092 1928 1280 1976 Caesaris
1315 1929 1381 1977 fe-

95 2011 231 2048 cerat.
252 2002 306 2046 Et
324 1999 525 2047 Silvinus
549 1999 731 2062 quidem
751 1999 926 2047 occisus
945 1999 1028 2058 est,
1047 2000 1269 2063 Ulpianus
1294 2018 1380 2048 ve-

97 2089 152 2120 ro
177 2073 438 2121 reservatus.
465 2073 549 2120 Sed
580 2072 770 2130 milites,
790 2074 840 2121 &
873 2072 1068 2120 maxime
1094 2075 1381 2136 praetoriani,

97 2147 175 2193 vel
205 2146 419 2205 scientes,
451 2163 553 2210 quae
583 2145 695 2193 mala
737 2145 783 2192 in
817 2146 1156 2209 Heliogabalum
1198 2164 1387 2210 parave-

97 2231 225 2276 rant,
254 2219 328 2266 vel
358 2220 482 2283 quod
510 2216 588 2266 fibi
623 2219 830 2266 viderent
857 2218 1103 2278 invidiam,
1132 2218 1244 2266 safia
1266 2236 1383 2268 con-

98 2291 343 2353 spiratione
361 2292 416 2339 ad
443 2292 713 2339 liberandam
742 2291 1062 2356 rempublicam
1079 2328 1091 2349 ‚
1114 2292 1310 2354 primum
1334 2294 1382 2340 in

100 2365 311 2413 conscios
343 2365 474 2412 vario
499 2381 660 2428 genere
688 2365 873 2427 mortis,
897 2381 999 2416 cum
1026 2367 1140 2413 alios
1170 2365 1386 2416 vitalibus

199 2442 366 2501 Scriptt.
396 2439 458 2487 H.
492 2442 555 2488 A.
840 2484 842 2486 ,
1037 2440 1086 2502 Q
