1637 2785
261 180 773 228 ALEXANDER
823 179 1197 229 SEVERUS.
1297 196 1385 244 291

109 285 231 334 ribus
267 286 519 334 forensibus
559 287 749 333 multum
787 286 973 345 detulit,
1002 286 1220 349 plerisque
1256 287 1392 334 etiam

108 376 312 407 annonas
341 360 486 415 dedit,
506 375 621 421 quos
649 359 911 407 constitisset
936 359 1068 422 gratis
1094 376 1234 422 agere.
1255 361 1395 424 Leges

110 433 158 481 in
184 449 327 481 annos
358 432 586 489 firmavit,
615 431 770 495 easque
791 431 922 478 etiam
949 431 1039 491 ipse
1068 432 1394 496 diligentissime

109 506 323 555 servavit.
358 505 608 552 Theatralia
646 504 890 566 spe&acula
926 503 1038 567 saepe
1075 504 1203 552 obiit.
1239 505 1398 554 Thea-⁶

96 593 230 646 'trum
261 581 464 628 Marcelli
504 578 681 627 reficere
719 580 882 627 voluit.
915 579 1067 625 Multis
1098 578 1398 641 civitatibus,

108 671 212 717 quae
241 655 339 716 post
360 669 488 701 terrae
512 666 662 700 motus
682 652 904 700 deformes
929 667 1078 709 erant,
1103 653 1155 699 ad
1182 653 1394 703 instaura-

108 727 283 774 tionem
304 743 514 789 operum,
528 729 576 774 δι
592 727 897 788 publicorum,
916 728 966 774 δι
987 727 1291 788 privatorum,
1313 746 1395 792 pe-

110 799 291 849 cuniam
317 815 373 844 ex
402 798 689 862 veffigalibus
712 799 847 845 dedit.
876 801 923 845 1n
952 799 1128 861 templis
1158 799 1259 846 sane
1283 818 1401 848 nun·

112 888 247 934 quam
262 907 277 929 ,
295 881 459 933 praeter
482 884 681 933 quatuor
705 886 782 918 aut
801 871 1000 935 quinque
1030 873 1199 935 argenti
1225 873 1357 921 iibras
1380 909 1396 933 ,

111 942 210 988 auri
242 958 306 989 ne
335 941 550 1005 guttulam
591 941 771 1003 quidem
803 955 880 989 aut
907 942 1177 991 bratteolam
1209 945 1357 1008 posuit
1384 980 1400 1006 ‚

112 1014 340 1063 susurrans
371 1016 552 1062 versum
584 1014 715 1061 Perfii
735 1050 750 1072 ,

249 1111 294 1118 -
356 1111 401 1119 -
438 1093 484 1135 in
500 1088 662 1149 sarzffls
690 1092 792 1150 quid
809 1089 923 1147 fizcit
951 1094 1136 1138 aurum?

181 1162 324 1210 XLV.
351 1161 674 1224 Expeditiones
713 1163 892 1210 bellicas
927 1164 1083 1211 habuit
1103 1199 1116 1222 ,
1147 1165 1203 1212 de
1236 1165 1402 1229 quibus

114 1234 280 1282 ordine
310 1233 390 1281 suo
421 1233 659 1282 edisseram.
684 1235 878 1282 Primum
905 1248 1054 1282 tamen
1087 1236 1182 1296 ejus
1209 1238 1403 1285 consue-

116 1308 315 1354 tudinem
341 1307 484 1354 dicam
515 1307 569 1353 de
598 1308 729 1354 rebus
747 1308 819 1355 vel
840 1308 1036 1356 tacendis
1054 1344 1068 1366 ‚
1098 1310 1169 1356 vel
1203 1311 1401 1372 proden-

119 1378 201 1424 dis.
232 1377 518 1424 Tacebantur
547 1377 709 1426 secreta
734 1379 954 1426 bellorum
979 1397 990 1426 :
1021 1379 1230 1427 itinerum
1251 1396 1402 1431 autem

122 1452 215 1498 dies
238 1451 414 1514 publice
443 1453 839 1515 proponebantur,
857 1454 916 1500 ita
944 1469 993 1500 ut
1019 1453 1207 1500 edietum
1231 1457 1407 1518 pende-⁴

121 1538 190 1572 ret
213 1538 314 1572 ante
339 1525 507 1572 menses
542 1526 680 1583 duos,
713 1526 759 1572 in
789 1543 881 1588 quo
911 1525 1120 1588 scriptum
1145 1527 1248 1574 effet
1268 1564 1281 1586 ‚
1316 1533 1403 1577 Illa.

122 1602 190 1646 die
204 1634 218 1656 ‚
235 1603 311 1644 illa
340 1601 441 1645 hora
468 1602 520 1644 ab
538 1602 644 1646 Urbe
652 1601 751 1660 sum
772 1604 986 1657 exiturus,
1012 1599 1053 1646 δ’
1069 1601 1141 1666 ,si
1154 1604 1240 1648 Dii
1259 1608 1402 1650 volue-

124 1674 232 1726 rint,
259 1673 303 1716 in
320 1674 461 1732 prima
479 1672 691 1735 manstone
711 1674 927 1732 mansitrus
943 1690 959 1717 .·
980 1673 1140 1719 deinde
1170 1691 1248 1736 pet·
1276 1676 1406 1722 ordi·-

124 1759 225 1789 nem
250 1743 523 1802 mansiones,
542 1743 699 1790 deinde
725 1745 893 1791 ssativae
908 1780 921 1803 ,
943 1745 1102 1793 deinde
1124 1746 1199 1792 ubi
1220 1764 1404 1797 annona

125 1815 231 1864 esset
258 1816 547 1878 accipienda:
574 1820 621 1866 &
646 1819 691 1864 id
719 1819 896 1881 quidem
921 1836 978 1867 eo
1007 1820 1169 1882 usque,
1187 1824 1405 1885 quamdiu

125 1890 181 1937 ad
201 1888 309 1935 fines
333 1889 590 1937 barbaricos
618 1891 860 1938 veniretur.
882 1891 970 1951 jam
1004 1893 1122 1939 enim
1152 1892 1256 1940 inde
1283 1909 1404 1943 tace-

125 1962 257 2008 batur
273 1997 286 2018 ,
307 1963 355 2009 &
377 1978 533 2008 omnes
566 1963 849 2009 ambulabant
876 1964 932 2010 ita
947 2000 962 2021 ‚
987 1980 1043 2010 ne
1070 1964 1407 2026 dispositionem

126 2035 378 2080 Romanam
413 2034 587 2080 barbari
619 2033 793 2081 scirent.
821 2035 1004 2082 Certum
1026 2034 1086 2081 est
1110 2048 1282 2094 autem,
1302 2054 1405 2086 eum

126 2122 355 2168 nunquam
383 2105 456 2161 id,
475 2106 598 2169 quod
621 2105 941 2168 proposuerat,
957 2105 1156 2152 fefellisse
1175 2142 1188 2161 ,
1211 2125 1310 2153 cum
1337 2110 1405 2154 di-

125 2190 247 2223 ceret
269 2211 282 2234 ,
311 2181 420 2223 nolle
437 2181 489 2223 ab
505 2181 656 2224 aulicis
666 2179 774 2238 suas
791 2182 915 2224 vendi
936 2177 1222 2241 dispositiones
1237 2196 1254 2223 :
1284 2181 1411 2240 quod

127 2248 291 2296 fabium
320 2248 463 2297 fuerat
494 2251 571 2297 sub
601 2251 927 2314 Heliogabalo,
957 2266 1059 2297 cum
1098 2250 1152 2295 ab
1187 2252 1409 2303 eunuchis

126 2321 283 2368 omnia
308 2323 625 2372 venderentur.
657 2324 782 2387 quod
803 2340 942 2386 genus
967 2321 1202 2367 hominum
1233 2322 1406 2371 idcirco

128 2394 293 2441 secreta
320 2395 472 2442 omnia
504 2396 551 2442 in
582 2396 680 2443 aula
712 2397 834 2443 noffe
865 2393 1057 2456 cupiunt
1077 2427 1091 2448 ,
1127 2406 1176 2438 ut
1212 2392 1295 2439 soli
1327 2396 1412 2440 ali-

129 2466 238 2530 quid
255 2465 366 2516 scire
389 2469 656 2530 videantur,
671 2469 721 2519 &
743 2469 962 2528 habeant,
988 2465 1106 2584 usse
1130 2465 1203 2512 vel
1224 2468 1411 2530 gratiam

1115 2553 1138 2584 z
