1714 2807
360 173 442 208 102
577 163 973 217 TREBELLII
1023 174 1422 228 POLLIONIS

554 375 596 431 Ι.
663 377 798 435 DE
867 383 1419 454 CYRIADE.

353 569 405 615 11.
436 530 589 620 ch
617 585 784 635 patrem
811 578 1052 641 Cyriadem
1088 582 1290 647 fugiens,
1316 588 1441 637 dives
1465 593 1515 641 δε
1545 607 1631 642 1102

350 641 477 700 bilis,
506 661 606 691 cum
638 647 814 695 luxuria
854 649 953 710 sua,
980 654 1029 700 &
1059 658 1498 724 moribusperditis,
1532 667 1629 714 san-

350 715 465 761 &um
495 717 640 764 senem
673 735 882 783 gravaret
902 754 916 777 ‚
951 724 1122 787 direpta
1160 747 1316 794 magna
1345 749 1473 795 parte·
1501 741 1629 798 auri,

349 790 517 850 argenti
543 791 673 837 etiam
701 793 882 841 infinito
909 799 1132 859 pondere,
1160 805 1306 854 Persas
1326 811 1481 869 petiit:
1501 826 1631 876 atque

348 859 453 906 inde
481 863 637 924 Sapori
674 867 766 928 regi
803 870 1071 928 conjunfius
1105 890 1234 939 atque
1267 880 1455 929 sociatus
1477 920 1492 944 ‚
1527 902 1630 934 cum

349 932 556 981 hortator
576 937 681 983 belli
704 940 920 989 Romanis
943 945 1162 996 inserendi
1181 952 1353 1013 fuisset,
1373 958 1628 1008 Odenatum

349 1008 543 1068 primum
558 1045 571 1068 ‚
587 1011 748 1059 deinde
771 1016 985 1078 Saporem
1013 1022 1067 1066 ad
1087 1023 1343 1073 Romanum
1366 1028 1509 1077 solum
1538 1045 1631 1079 rra*

346 1077 445 1126 xit:
476 1082 716 1130 Antiochia
749 1084 884 1133 ctiam
911 1104 1039 1151 capta
1069 1094 1117 1141 δι
1154 1095 1351 1145 Caesarea
1370 1135 1385 1158 ‚
1411 1102 1631 1152 caesarea·

348 1166 457 1197 num
495 1169 660 1200 nomen
702 1158 885 1219 accepit.
924 1165 1071 1225 Atque
1107 1165 1210 1214 inde
1246 1184 1434 1218 vocatus
1472 1175 1631 1238 Augu-

346 1221 463 1281 stus,
492 1241 595 1272 cum
633 1244 814 1275 omnem
840 1232 1073 1282 Orientem
1101 1238 1175 1284 vel
1207 1239 1373 1289 virium
1408 1246 1590 1295 audacia
1612 1282 1628 1307 ,

348 1298 424 1343 vel
466 1310 637 1348 terrore
682 1316 913 1365 quateret,
951 1323 1120 1370 patrem
1163 1330 1276 1360 vero
1310 1317 1628 1379 interemisset,

346 1367 505 1432 (quod
533 1373 605 1419 alii
635 1374 834 1424 historici
865 1395 1026 1442 negant
1061 1382 1259 1449 saelum)
1290 1389 1382 1450 ipse
1418 1408 1497 1453 per
1523 1392 1629 1440 infi-

347 1440 441 1488 dias
474 1442 678 1503 suorum‚
706 1464 807 1495 cum
840 1453 1101 1502 Valerianus
1129 1456 1217 1518 jam
1245 1461 1298 1506 ad
1320 1463 1485 1509 bellum
1520 1466 1629 1512 Per-

347 1512 486 1560 ficum
516 1516 714 1577 veniret,
736 1522 910 1570 occisus
942 1526 1015 1574 est.
1044 1528 1204 1592 Neque
1229 1532 1328 1595 plus
1360 1535 1413 1582 de
1447 1536 1536 1584 hoc
1557 1537 1628 1585 hi·

345 1583 496 1633 storiae
515 1590 754 1654 quidquam
785 1597 1040 1647 mandatum
1064 1602 1150 1661 est,
1167 1606 1291 1667 quod
1316 1607 1501 1671 dignum
1534 1628 1628 1657 me-

346 1658 491 1705 moria
521 1661 604 1708 effe
637 1663 850 1715 videatur.
877 1686 1009 1732 quem
1038 1673 1231 1734 clarum,
1262 1679 1541 1745 perfugium,
1576 1683 1628 1731 δε

346 1732 659 1795 parricidium,
690 1740 738 1785 &
765 1741 911 1804 aspera
950 1747 1185 1810 tyrannis,
1211 1751 1261 1800 &
1288 1751 1453 1801 summa
1489 1754 1627 1802 luxu-

346 1802 433 1851 ries
449 1839 462 1865 ,
490 1807 628 1858 literis
654 1811 884 1863 dederunt.

474 1962 572 2022 II.
641 1965 777 2026 DE
845 1972 1486 2040 POSTUMIO.

340 2171 410 2218 111.
442 2133 593 2222 Hic
623 2175 695 2222 vir
723 2177 768 2226 in
806 2180 923 2229 bello
961 2183 1248 2244 fortissimus,
1285 2187 1330 2234 in
1359 2206 1469 2252 pace
1504 2207 1620 2239 con·-

336 2241 641 2306 ssantissimus,
668 2248 715 2296 in
746 2253 872 2298 omni
906 2255 997 2301 vita
1028 2257 1173 2319 gravis
1194 2293 1205 2311 ‚
1234 2259 1373 2322 usque
1403 2262 1514 2308 adeo
1533 2299 1546 2318 ,
1569 2276 1620 2309 ut

336 2316 597 2365 Saloninum
629 2319 769 2369 filium
797 2324 921 2372 suum
954 2328 1095 2376 eidem
1131 2331 1360 2380 Gallienus
1393 2333 1437 2379 in
1475 2335 1618 2383 Gallia

333 2388 529 2449 positum
561 2394 787 2451 crederet,
820 2398 938 2458 quali
975 2401 1145 2448 custodi
1186 2403 1320 2461 virae‚
1359 2406 1407 2453 &
1438 2422 1616 2454 morum

336 2461 387 2510 δι
425 2464 597 2513 ᾶᾶιιυηι
633 2465 928 2533 imperialium
966 2472 1226 2530 institutori.
1258 2477 1367 2545 Sed,
1400 2492 1616 2544 quantum
