1637 2785
286 152 655 201 ‘ANTONtt-JUS
694 155 1176 204 HELIOGABALUS.
1292 171 1377 219 253

92 274 179 317 tes,
212 280 234 311 a
266 263 416 310 multis
446 261 639 309 dimissas
671 262 808 326 gratia
841 263 989 326 patris.
1026 264 1146 310 Idem
1186 261 1303 311 filios
1341 264 1385 312 se

92 337 217 382 nolle
245 336 445 393 dicebat,
472 352 530 382 ne
562 337 662 398 quis
698 338 737 383 ei
771 336 886 400 frugi
921 337 1219 400 contingeret.
1248 338 1384 383 Odo-

90 425 159 454 res
185 408 363 455 Indicos
388 408 478 455 fine
501 409 773 455 carbonibus
794 409 848 455 ad
870 410 1152 470 vaporandas
1173 423 1286 457 zetas
1317 411 1385 472 ju-

90 481 224 527 bebat
254 480 449 527 incendi.
476 483 560 527 lter
590 480 796 542 privatus
825 498 1057 544 nunquam
1087 481 1234 528 minus
1263 483 1386 530 sexa-

91 553 213 616 ginta
250 552 472 610 vehiculis
501 551 641 610 fecit,
675 552 778 599 avia
810 551 883 599 sua
916 552 1053 600 Varia
1087 554 1387 613 reclamante,

91 626 216 688 quod
239 625 391 672 omnia
412 626 667 687 perditurus
692 626 811 675 effer.
836 629 1088 687 Imperator
1112 644 1228 676 vero
1252 629 1385 678 etiam

91 700 295 747 sexcenta
329 700 543 747 vehicula
574 700 737 748 dicitur
775 700 969 760 duxifl'e,
990 701 1208 761 afferens,
1229 702 1384 750 decem

93 772 291 819 millibus
327 773 604 820 camelorum
642 771 869 820 Persarum
907 789 1057 837 regem
1095 773 1179 820 iter
1212 774 1386 833 facere,

92 850 142 894 &
174 848 404 893 Neronem
431 845 692 910 quingentis
720 845 915 895 carrucis
947 847 1031 895 iter
1057 848 1212 897 iniiffe.
1243 850 1388 897 Causa

93 920 410 973 vehiculorum
432 933 526 966 erat
547 919 764 966 lenonum
779 955 791 978 ,
813 920 1014 968 lenarum
1030 956 1044 978 ,
1071 922 1387 981 meretricum,

94 991 413 1047 exoletorum,
468 989 751 1037 suba&orum
795 991 928 1039 etiam
966 993 1081 1040 bene
1123 994 1385 1042 vasatorum

95 1064 358 1110 multitudo.
386 1065 437 1109 In
460 1062 630 1110 balneis
662 1063 834 1127 semper
864 1081 965 1111 cum
995 1065 1256 1114 mulieribus
1279 1066 1388 1120 fuit,

94 1134 156 1182 ita
183 1151 232 1183 ut
263 1151 335 1182 eas
362 1135 453 1198 ipse
479 1135 700 1198 psilothro
731 1149 931 1184 curaret:
957 1135 1048 1200 ipse
1076 1154 1262 1202 quoque
1289 1140 1387 1186 bar-

95 1212 198 1258 bam
231 1212 450 1274 psilothro
472 1226 710 1259 accurans:
739 1211 955 1275 quodque
982 1212 1239 1274 pudendum
1270 1215 1389 1262 diem

95 1282 181 1342 est,
210 1284 368 1330 eodem
386 1318 400 1340 ,
426 1298 521 1345 quo
560 1284 768 1330 mulieres
797 1284 1144 1343 accurabantur,
1167 1288 1216 1334 &
1236 1288 1388 1333 eadem

96 1356 236 1404 hora:
267 1356 367 1403 rafit
401 1357 451 1403 &
494 1355 644 1403 virilia
674 1355 980 1403 subactoribus
1015 1354 1127 1415 suis,
1163 1358 1389 1404 novacula

97 1445 230 1492 manp
251 1429 322 1476 sua
338 1465 351 1486 ,
371 1446 459 1492 qua
480 1428 631 1491 postea
654 1428 834 1475 barbam
856 1427 977 1476 fecit.
998 1429 1146 1476 Scobe
1163 1429 1258 1475 auri
1277 1445 1389 1491 por-

97 1502 236 1550 ticum
262 1503 418 1550 stravit
444 1505 492 1551 &
514 1503 708 1565 argenti,
746 1502 932 1560 dolens,
960 1504 1088 1566 quod
1122 1518 1216 1548 non
1245 1502 1389 1563 poffet

97 1575 148 1623 &
172 1574 345 1622 elestri:
377 1575 513 1637 idque
550 1573 835 1636 frequenter,
861 1590 1134 1637 quacunque
1162 1572 1268 1622 fecit
1302 1575 1388 1620 iter

97 1647 286 1710 pedibus
313 1647 449 1710 usque
467 1648 522 1694 ad
549 1664 716 1712 equum
742 1647 814 1697 vel
836 1659 1126 1712 carpentum,
1148 1660 1199 1695 ut
1220 1646 1270 1695 fit
1298 1648 1389 1694 ho·-

96 1719 168 1766 die
188 1721 242 1766 de
260 1720 417 1766 aurosa
437 1736 584 1766 arena.

160 1793 360 1840 XXXII.
394 1791 750 1839 Calciamentum
787 1808 1013 1855 nunquam
1039 1791 1247 1850 iteravit,
1274 1809 1387 1839 anu-

97 1867 167 1913 los
204 1865 339 1913 etiam
377 1879 564 1929 negatur
603 1865 790 1912 iterafl‘e.
831 1865 1054 1912 Pretiosas
1088 1864 1232 1914 vestes
1273 1866 1389 1929 saepe

98 1936 342 1994 conscidit,
371 1937 446 1983 vel
480 1937 626 1984 lanam
662 1938 781 2000 cepit
809 1939 858 1986 δε
893 1937 1136 2000 appendit,
1162 1950 1296 2002 atque
1333 1939 1388 1985 ad

98 2011 192 2073 ejus
233 2010 572 2057 aestimationem
606 2010 819 2074 ponderis
842 2045 856 2068 ,
888 2011 1029 2074 pisces
1064 2011 1218 2059 amicis
1257 2012 1389 2058 exhi-

98 2084 210 2132 buit.
227 2085 377 2130 Naves
401 2082 580 2129 onustas
594 2082 741 2129 merfit
762 2081 806 2128 in
826 2095 990 2145 portu,
1011 2083 1388 2145 magnanimitatis

95 2157 188 2203 hoc
222 2154 307 2201 effe
337 2154 503 2202 dicens.
550 2155 681 2202 Onus
718 2154 890 2203 ventris
926 2170 1037 2201 auro
1077 2155 1294 2216 excepit:
1338 2155 1386 2201 in

96 2226 348 2292 myrrhinis
373 2227 422 2274 &
457 2226 706 2291 onychinis
736 2227 917 2275 minxit.
951 2227 1071 2292 Idem
1101 2227 1259 2273 dixisse
1296 2226 1388 2273 fer—

98 2316 201 2359 tur,
229 2304 281 2347 Si
311 2303 486 2347 habuero
520 2305 718 2360 heredem,
752 2306 859 2348 dabo
897 2303 962 2348 illi
990 2318 1193 2359 tutorem,
1228 2303 1301 2363 qui
1335 2306 1386 2348 il-

98 2377 183 2419 lum
205 2375 285 2419 haec
302 2373 441 2432 facere
466 2391 611 2435 cogat,
644 2393 728 2436 quae
752 2375 834 2435 ipse
856 2373 971 2432 feci,
989 2374 1257 2435 fizffurusque
1272 2375 1385 2435 fimt.

102 2446 271 2494 Habuit
302 2446 436 2494 etiam
461 2446 585 2493 istam
618 2447 988 2495 consuetudinem
1006 2483 1021 2506 ,
1046 2460 1095 2495 ut
1126 2464 1278 2495 coenas
1307 2448 1386 2495 fibi
