1637 2785
264 175 614 222 MAxlmus
650 175 737 219 ET
774 174 1154 222 BALBINUS.
1287 174 1344 238 63

70 293 405 328 convocarunt.
429 280 503 327 ubi
530 297 631 327 cum
668 280 948 338 orationem,
973 281 1025 326 de
1049 283 1232 326 Senatus·
1254 280 1348 325 svn-

70 355 206 400 tentia
222 389 236 412 ,
256 356 304 400 &
334 354 387 399 de
407 353 480 399 sua
503 353 720 399 electionc
741 352 1018 408 habuissent,
1040 355 1233 414 populus
1256 355 1349 401 Ro-

71 442 223 471 manus
255 442 357 472 cum
385 424 626 479 militibus,
653 424 729 486 qui
764 424 880 470 forte
909 440 1243 482 convenerant,
1275 444 1347 473 ac·

72 497 305 555 clamavit,
338 500 600 543 Gordianum
632 499 826 558 Caesizmm
859 515 998 542 omnes
1025 516 1232 559 rogamus.
1264 499 1350 544 Hic

70 587 212 632 nepos
244 582 336 617 erat
367 570 591 616 Gordiani
615 587 670 616 ex
706 568 819 623 filia,
848 582 896 614 ut
927 569 1131 631 quidam,
1166 571 1267 624 vel,
1304 583 1351 616 ut

70 643 174 698 alii,
206 659 262 689 ex
303 640 428 699 filio,
469 642 545 704 qui
577 641 637 688 est
673 641 719 688 in
757 641 906 688 Africa
946 641 1150 699 occisus,
1182 659 1350 688 annum

70 729 202 774 agens
232 713 455 760 decimum
487 727 717 776 quartum,
751 726 801 759 ut
831 713 1031 775 plerique
1065 711 1242 759 dicunt:
1275 715 1351 775 qui

72 785 212 832 statim
241 801 393 848 raptus
417 786 507 843 est,
538 788 585 833 δε
614 803 744 832 novo
771 802 932 849 genere
958 784 1353 842 senatusconsulti,

72 859 355 905 cum-eadem
383 859 453 905 die
484 858 912 905 senatusconsultum
935 857 1094 905 facium
1126 857 1255 916 effer,
1283 859 1351 905 in-

69 930 224 976 duistus
256 930 301 976 in
330 932 528 987 curiam,
555 930 703 976 Caesar
731 930 792 976 est
822 930 1081 992 appellatuS.

124 1040 128 1052 ,ν
146 1005 224 1051 1V.
251 1004 396 1051 Prima
421 1005 554 1068 igitur
580 1005 740 1051 relatio
764 1005 1021 1068 Principum
1051 1004 1162 1064 fuit,
1189 1019 1240 1053 ut
1261 1008 1354 1056 duo

74 1077 296 1124 Gordiani
331 1078 450 1125 Divi
486 1080 830 1140 appellarentur.
866 1079 1002 1142 aliqui
1035 1093 1181 1126 autem
1215 1099 1356 1129 unum

73 1163 232 1213 putant
259 1152 524 1214 appellatum
541 1189 556 1209 ,
585 1152 804 1198 seniorem
834 1153 1075 1200 videlicet:
1101 1153 1170 1200 sed
1197 1170 1282 1218 ego
1303 1155 1357 1201 li-

73 1224 190 1281 bris,
220 1241 334 1287 quos
367 1224 520 1271 Junius
560 1225 741 1272 Cordus
775 1223 937 1271 affatim
977 1225 1174 1288 scripsit,
1208 1228 1357 1290 legisse

75 1298 287 1356 memini,
321 1300 477 1344 ambos
501 1298 547 1344 in
585 1299 714 1345 Deos
745 1299 921 1346 relatos.
956 1298 1172 1363 fiquidem
1209 1301 1358 1349 senior

73 1372 238 1434 laqueo
268 1372 406 1418 vitam
439 1371 618 1418 finivit:
649 1370 804 1434 junior
837 1386 985 1419 autem
1015 1373 1060 1419 in
1091 1375 1212 1422 bello
1240 1392 1358 1423 con-

71 1444 240 1491 sumtus
275 1444 359 1491 est:
385 1444 462 1506 qui
488 1444 641 1507 utique
674 1445 890 1506 majorem
923 1458 1117 1493 meretur
1141 1464 1354 1494 reveren·-

72 1515 202 1572 1iam,
231 1516 356 1578 quod
383 1533 482 1562 eum
515 1516 628 1562 bella
654 1534 854 1579 rapuere.
889 1518 990 1563 Post
1020 1518 1096 1564 has
1124 1520 1259 1582 igitur
1285 1537 1356 1566 re-

72 1587 260 1635 lationes
277 1587 541 1635 Praefeuura
562 1588 696 1635 Urbis
715 1588 759 1634 in
783 1588 994 1635 Sabinum
1012 1590 1176 1638 collata
1192 1591 1251 1638 est
1266 1629 1277 1648 ‚
1292 1592 1355 1638 vi-

71 1677 169 1706 rum
188 1677 385 1724 gravem,
401 1662 644 1709 &Maximi
664 1662 865 1708 moribus
881 1677 1204 1726 congruentem
1218 1684 1227 1712 :
1243 1683 1353 1727 prat:⁸

73 1733 250 1779 zoriana
282 1732 328 1779 in
358 1734 584 1779 Pinarium
618 1735 870 1782 Valentem.
896 1735 980 1781 Sed
1012 1735 1263 1799 priusquam
1302 1739 1357 1783 de

72 1807 244 1854 aclibus
271 1824 429 1856 eorum
458 1808 641 1871 loquar,
664 1809 808 1871 placet
833 1809 984 1872 aliqua
1011 1810 1158 1857 dicere
1180 1812 1232 1858 de
1254 1830 1354 1859 mo-

73 1881 197 1926 ribus
217 1893 349 1943 arque
368 1897 554 1942 genere:
576 1898 669 1927 non
689 1898 745 1927 eo
765 1883 907 1928 modo
921 1918 933 1939 ,
949 1899 1043 1945 quo
1064 1884 1219 1931 Junius
1240 1886 1353 1932 Cor·

76 1951 157 1997 (lus
180 1951 241 1997 est
269 1952 530 2012 prosecutus
559 1952 740 2010 omnia,
767 1952 838 1999 sed
863 1953 971 2009 illo,
995 1968 1088 2012 quo
1113 1957 1356 2004 Suetonius

75 2023 369 2086 Tranquillus
387 2061 400 2083 ,
417 2026 465 2072 &
483 2024 688 2072 Valerius
709 2026 1022 2074 Marcellinus:
1040 2029 1244 2090 quamvis
1265 2031 1352 2076 Cu⁴

76 2097 166 2158 rius
186 2099 552 2157 Fortunatianus‚
569 2099 646 2162 qui
666 2115 847 2145 omnem
872 2099 986 2146 hanc
1007 2100 1232 2147 historiam
1252 2120 1354 2164 per-

77 2168 269 2230 scripsit,
298 2169 419 2231 plura
448 2171 677 2235 congeri13
706 2173 885 2218 Cordus
923 2188 1036 2218 vero
1067 2186 1153 2219 tam
1185 2175 1322 2220 multa
1341 2211 1354 2232 ,

78 2254 126 2289 ut
144 2242 273 2288 etiam
296 2243 504 2307 pleraque
526 2248 573 2291 ὅ(
590 2244 735 2299 minus
755 2244 938 2291 honesta
956 2246 1265 2308 perscripserit,

142 2315 199 2362 V.
230 2314 430 2361 Maximo
462 2329 584 2377 pater
614 2316 698 2362 fuit
726 2318 974 2376 Maximus,
1004 2337 1115 2368 unuss
1150 2337 1172 2365 e
1201 2320 1356 2380 plebe,-

79 2398 126 2433 ut
149 2387 357 2433 nonnulli
387 2387 563 2443 dicunt,
584 2388 707 2434 faber
731 2388 965 2445 ferrarius;
990 2405 1037 2437 ut
1068 2391 1174 2449 alii,
1193 2393 1353 2438 thecla-

80 2457 170 2505 rius
197 2458 497 2509 vehicularius
525 2459 777 2508 fabricator.
803 2462 923 2511 hunc
951 2462 1137 2526 suscepit
1160 2481 1212 2511 ex
1238 2481 1352 2512 uxo»
