1637 2785
227 157 652 205 COMMODUS
692 157 1148 205 ANTONINUS.
1255 173 1344 220 107

70 264 137 327 jus
168 277 324 311 nutum
354 263 484 311 etiam
512 262 708 309 libertini
734 263 778 308 in
809 265 1017 310 Senatum
1040 276 1170 327 atque
1199 263 1245 310 in
1268 281 1351 327 pa·-

5 373 8 377 .
70 338 227 384 tricios
255 337 351 384 testi
382 335 505 382 sunt:
537 348 734 398 tuncque
763 335 956 397 primum
986 336 1351 400 vigintiquinque

69 407 286 454 Consules
306 408 350 453 in
377 424 517 453 unum
538 424 732 453 annum:
754 406 1041 471 venditaeque
1061 425 1216 456 omnes
1238 426 1350 472 pro-

69 479 248 529 vinciae.
286 481 453 526 Omnia
490 480 710 528 Cleander
751 480 937 542 pecunia
979 482 1250 529 venditabat.
1287 499 1355 529 re·-

70 566 266 600 vocatos
295 554 348 599 de
377 551 532 599 exsilio
561 551 849 615 dignitatibus
889 554 1107 609 ornabat3
1135 571 1201 600 res
1234 554 1356 613 judi-

73 639 191 673 catas
215 625 504 673 rescindebat.
534 625 610 687 qui
644 638 816 672 tantum
847 641 926 687 per
951 625 1180 672 stultitiam
1213 626 1355 671 Com·

71 697 198 746 modi
236 697 416 760 potuit,
450 710 497 744 ut
537 699 756 762 Byrrum,
794 697 962 744 sororis
997 697 1247 745 Commodi
1282 697 1356 744 vi-

71 788 167 818 rum
187 806 200 827 ,
220 770 615 833 reprehendentem
630 805 642 828 ‚
670 770 1037 834 nuntiantemque
1061 771 1357 828 Commodo,

71 862 172 909 quae
206 843 393 902 fiebant,
426 844 471 890 in
507 843 800 906 suspicionem
838 843 961 907 regni
994 842 1180 890 affectati
1212 843 1358 888 trahe·-

73 932 170 978 ret,
200 920 249 968 &
277 918 531 974 occidere13
560 917 709 964 multis
736 916 858 974 aliis,
881 916 958 980 qui
987 919 1179 981 Byrrum
1202 915 1360 962 defen-

74 992 266 1049 debant,
294 991 458 1054 pariter
479 990 736 1037 interemtis.
761 989 994 1036 PraefeEtus
1021 989 1153 1036 etiam
1178 989 1361 1035 Ebutia-

76 1083 159 1112 nus
192 1065 309 1112 inter
341 1065 425 1112 hos
449 1065 508 1111 est
534 1065 816 1110 interemtus:
849 1063 895 1109 in
926 1063 1052 1124 cujus
1084 1064 1236 1111 locum
1269 1062 1360 1126 ipse

76 1138 299 1185 Cleander
336 1155 437 1185 cum
472 1136 566 1184 aliis
591 1137 796 1195 duobus,
829 1152 944 1198 quos
985 1135 1075 1199 ipse
1113 1137 1361 1199 delegerat,

75 1213 308 1276 praesefitus
331 1212 389 1260 est
419 1212 572 1260 faEtus.
596 1213 818 1275 Tuncque
852 1210 1043 1273 primum
1078 1226 1167 1259 tres
1196 1210 1360 1273 praefe-

75 1289 132 1335 &i
159 1287 375 1350 praetorio
400 1285 548 1334 fuere:
570 1286 686 1333 inter
710 1303 825 1350 quos
848 1285 1112 1343 libertinus,
1134 1287 1213 1348 qui
1236 1301 1260 1331 a
1283 1301 1363 1347 pu-

75 1361 212 1424 gione
236 1359 481 1423 appellatus
507 1358 584 1406 est.

143 1435 239 1480 Vll.
270 1432 355 1480 Sed
384 1433 433 1480 &
464 1432 691 1479 Cleandro
722 1431 879 1496 dignus
912 1431 1089 1480 tandem
1120 1430 1226 1477 vitae
1261 1429 1363 1476 finis
1411 1463 1416 1470 ,

75 1505 325 1568 impositus.
353 1521 455 1550 nam
489 1522 590 1551 cum
622 1504 786 1550 insidiis
817 1504 934 1550 illius
970 1503 1127 1550 Arrius
1168 1502 1364 1549 Antoni-

77 1596 193 1636 nus,
223 1576 332 1624 siffis
363 1576 626 1624 criminibus
655 1577 701 1623 in
734 1576 870 1623 Attali
910 1576 1123 1640 gratiam,
1151 1592 1281 1638 quem
1315 1575 1365 1620 in

77 1649 402 1713 proconsulatu
427 1649 540 1695 Afiae
566 1650 884 1705 damnaverat,
916 1648 1018 1695 esset
1052 1647 1251 1704 occisus,
1282 1664 1364 1695 nec

80 1741 175 1771 eam
204 1737 298 1770 tum
330 1723 547 1770 invidiam
566 1759 578 1781 ‚
608 1724 781 1786 populo
815 1722 1057 1782 saeviente,
1079 1723 1366 1769 Commodus

78 1798 196 1845 ferre
236 1797 469 1860 potuisset,
494 1798 612 1859 plebi
640 1798 692 1844 ad
722 1814 901 1860 poenam
933 1797 1125 1844 donatus
1145 1796 1229 1843 est:
1262 1811 1366 1841 cum

79 1872 212 1919 etiam
244 1870 513 1934 Apolaustus
546 1871 710 1934 aliique
743 1869 887 1916 liberti
922 1870 1055 1917 aulici
1094 1870 1257 1933 pariter
1290 1868 1367 1915 in-

80 1944 258 1992 teremti
285 1943 396 1990 sunt.
422 1942 642 1990 Cleander
665 1942 782 1989 inter
811 1955 956 1990 cetera
984 1941 1115 1989 etiam
1145 1940 1367 1989 concubi-

82 2033 161 2065 nas
200 2014 293 2076 ejus
329 2015 662 2076 constupravit:
702 2015 755 2062 de
795 2015 957 2079 quibus
988 2013 1108 2061 filios
1148 2013 1366 2075 suscepit,

83 2087 164 2150 qui
201 2086 299 2149 post
337 2085 432 2147 ejus
466 2085 694 2134 interitum
736 2103 836 2133 cum
878 2086 1094 2133 matribus
1137 2084 1366 2131 interemti

83 2159 200 2206 sunt.
228 2160 279 2204 In
305 2157 431 2219 cujus
459 2158 610 2206 locum
633 2158 832 2207 Julianus
853 2160 901 2207 &
923 2157 1122 2221 Regillus
1149 2156 1366 2218 subroga-

84 2232 120 2280 ti
152 2232 272 2279 sunt:
305 2249 424 2295 quos
457 2234 506 2280 δε
549 2232 669 2294 ipsos
711 2232 864 2295 postea
904 2232 1053 2296 poenis
1091 2230 1250 2278 affecit.
1285 2229 1369 2279 His

86 2304 272 2362 occifis,
298 2304 523 2354 interemit
566 2305 803 2352 Servilium
842 2307 891 2354 &
927 2304 1123 2353 Dulium
1158 2302 1369 2360 Silanos,

86 2393 191 2425 cum
218 2376 330 2425 suis:
352 2394 460 2424 mox
484 2379 693 2426 Anicium
717 2384 917 2441 Lupum,
939 2380 987 2425 &
1011 2376 1249 2424 Petronios
1275 2378 1370 2422 Ma-

87 2449 332 2500 mertinum
370 2452 419 2500 &
446 2452 628 2513 Suram,
660 2451 896 2518 filiumque
927 2448 1187 2498 Mamertini
1216 2450 1370 2503 Anto-2
