1637 2785
221 167 283 213 M.
335 163 512 212 ANT.
565 163 1161 213 PHILOSOPHUS.
1267 178 1330 227 73

46 272 112 330 ri,
135 271 182 318 in
202 272 311 320 vico
337 270 494 318 Halale
511 271 834 326 exanimatam,
857 271 1004 318 subito
1024 271 1189 319 morbo
1218 271 1333 319 ami-

47 345 111 392 fit.
136 344 265 392 Petiit
292 360 315 390 a
343 345 534 400 Senatu,
557 356 607 389 ut
630 343 828 389 honores
860 343 1075 389 Faustinae
1101 343 1334 406 aedemque

47 416 361 471 decernerent,
385 415 557 462 laudata
584 414 765 472 eadem,
786 431 888 462 cum
919 426 1066 460 tamen
1099 414 1337 477 impudici·

49 489 122 536 tiae
155 488 271 535 fama
306 488 504 551 graviter
539 487 792 534 laboraffet.
831 503 930 550 quae
962 488 1224 536 Antoninus
1263 488 1336 535 vel

50 559 265 616 nescivit,
287 560 361 607 vel
380 559 680 606 diffimulavit.
703 560 864 605 Novas
893 559 1060 621 puellas
1088 559 1337 606 Faustinia-

49 649 126 680 nas
165 632 353 680 instituit
382 633 429 679 in
466 633 688 680 honorem
729 632 882 679 uxoris
919 644 1126 679 mortuae.
1164 635 1334 678 Divum

48 705 179 754 etiam
199 705 446 753 Faustinam
464 722 487 752 a
503 707 662 753 Senatu
683 705 971 767 appellatam,
987 705 1228 769 gratulatus
1248 705 1308 752 est
1322 722 1337 751 :

49 795 183 842 quam
214 777 359 825 secum
381 780 430 825 ὅ(
455 777 501 824 in
528 776 694 823 aestivis
724 778 962 836 habuerat,
991 790 1041 824 ut
1068 794 1236 824 matrem
1265 796 1340 823 ca-

38 855 215 920 strorum
236 850 496 913 appellaret.
516 849 635 896 Fecit
658 851 709 897 &
730 850 962 897 coloniam
985 851 1154 908 vicum,
1175 850 1222 897 in
1244 866 1341 913 quo

53 923 166 972 obiit
188 922 418 969 faustina:
445 923 493 970 &
519 922 657 968 aedem
675 920 740 968 illi
758 922 988 971 exstruxit.
1010 923 1078 970 sed
1101 924 1196 970 haec
1217 922 1343 985 post-³

52 1012 101 1043 ea
140 995 255 1041 aedes
291 994 588 1058 Heliogabalo
625 994 825 1043 dedicata
859 995 933 1044 est.
967 995 1112 1058 Ipsum
1143 995 1342 1043 Caffium

52 1083 138 1130 pro
165 1065 399 1114 clementia
424 1065 576 1114 occidi
612 1067 753 1129 passus
780 1067 842 1114 est
860 1103 875 1126 ,
905 1084 1001 1115 non
1026 1067 1178 1116 occidi
1207 1066 1342 1129 juffit.

54 1143 338 1203 Deportatus
364 1139 425 1186 est
454 1140 754 1198 Heliodorus,
779 1140 895 1188 filius
918 1141 1079 1198 Caffii;
1105 1143 1156 1189 &
1179 1141 1254 1188 alii
1286 1141 1345 1187 li-

55 1216 208 1260 berum
247 1213 441 1260 exsilium
474 1226 776 1276 acceperunt,
807 1231 910 1262 cum
946 1216 1175 1263 bonorum
1203 1225 1347 1277 parte-¹

56 1287 154 1333 Filii
182 1299 327 1332 autem
358 1286 492 1333 Caffii
522 1288 572 1334 ὅ(
603 1287 792 1350 amplius
821 1287 967 1335 media
1001 1300 1125 1351 parte
1157 1305 1346 1350 accepe-

55 1372 160 1408 runt
197 1359 370 1422 paterni
413 1359 709 1422 patrimonii,
746 1361 797 1409 &
831 1377 945 1409 auro
981 1373 1112 1426 atque
1155 1374 1346 1426 argento

57 1433 232 1493 adjuti3
263 1431 468 1478 mulieres
511 1445 659 1481 autem
703 1435 835 1481 etiam
864 1435 1168 1483 ornamentis:
1198 1436 1260 1482 ita
1296 1446 1346 1481 ut

57 1505 340 1562 Alexandra,
358 1503 449 1551 filia
467 1505 600 1552 Caffii
616 1541 629 1564 ,
651 1507 701 1553 &
729 1507 1023 1555 Druncianus
1051 1524 1213 1571 gener,
1235 1508 1346 1554 libe-

59 1595 152 1625 ram
176 1577 365 1642 vagandi
380 1578 643 1638 potestatem
667 1579 903 1634 haberent,
919 1579 1222 1627 commendati
1239 1580 1347 1625 ami-

59 1663 118 1698 tae
149 1651 328 1698 marito.
370 1649 540 1697 Doluit
580 1650 771 1712 denique
810 1651 1002 1698 Caffium
1035 1651 1297 1699 exstinctum
1329 1687 1344 1709 ,

62 1724 247 1782 dicens,
275 1722 439 1787 voluff
461 1726 513 1785 fi
530 1724 623 1788 stne
641 1727 861 1787 senatorio
884 1727 1099 1789 sanguine
1128 1727 1344 1788 imperium

61 1799 289 1862 transigere.

126 1873 318 1921 XXVII.
349 1870 659 1920 Orientalibus
701 1874 831 1922 rebus
866 1873 1084 1922 ordinatis
1105 1908 1120 1932 ,
1158 1871 1347 1920 Athenis

62 1942 177 2000 fuit;
206 1946 256 1993 &
287 1945 402 1991 inter
432 1945 515 1992 alia
541 1946 724 1993 Cereris¹
742 1948 958 2011 templum
983 1947 1118 2004 adiit,
1138 1959 1188 1993 ut
1208 1945 1250 1993 se
1272 1945 1346 1991 in-

63 2031 306 2066 nocentem
324 2019 562 2081 probaret,
579 2021 628 2067 &
645 2019 879 2068 sacrarium
898 2020 1018 2067 solus
1037 2018 1248 2083 ingressus
1269 2017 1346 2064 est.

64 2091 314 2139 Revertens
339 2092 393 2138 ad
417 2092 584 2139 Italiam
608 2094 792 2158 navigio
808 2127 822 2150 ‚
846 2093 1150 2157 tempestatem
1176 2091 1346 2155 gravis-

66 2164 214 2210 fimam
244 2164 386 2226 passus
419 2165 494 2213 est.
531 2166 614 2213 Per
644 2166 921 2214 Brundisium
951 2165 1139 2213 veniens
1170 2164 1219 2210 in
1255 2165 1347 2209 Ita-

66 2238 198 2295 liam,
218 2250 369 2300 togam
395 2238 554 2301 &ipse
582 2238 754 2297 sumfit,
783 2241 834 2288 &
862 2237 1025 2286 milites
1051 2248 1231 2300 togatos
1259 2235 1345 2281 effe

65 2307 218 2367 juffit:
247 2324 331 2356 nec
361 2326 558 2373 unquam
590 2310 722 2374 sagati
756 2310 939 2358 fuerunt
971 2309 1049 2356 sub
1073 2326 1135 2356 eo
1169 2307 1345 2353 milites.

67 2382 257 2428 Romam
284 2394 334 2429 ut
363 2383 521 2443 venit,
555 2383 864 2446 triumphavit.
894 2382 1069 2429 Exinde
1105 2380 1342 2428 Lavinium

68 2455 291 2517 profefilus
322 2457 396 2506 est.
420 2459 727 2508 Commodum
759 2458 836 2506 fibi
870 2457 1027 2505 deinde
1053 2456 1267 2519 collegam
1296 2455 1342 2502 in
