1714 2807
359 144 448 206 238
579 145 1445 194 FLAVIIVOPISCI

353 250 433 314 qui
456 248 565 311 ioco
583 251 728 299 solent
751 251 925 309 dicere,
943 251 1022 298 fibi
1045 269 1138 300 non
1167 252 1340 315 placere
1356 289 1369 311 ,
1389 253 1430 300 se
1450 252 1535 300 effe
1563 254 1639 301 vel

352 323 582 385 Principes
605 359 618 379 ,
647 326 720 371 vel
756 324 965 372 latrones.
1001 328 1107 372 Haec
1144 326 1278 390 digna
1307 341 1556 373 memoratu
1584 328 1639 375 de

351 396 550 444 Proculo
580 396 778 445 didiciffe
808 398 1005 445 memini.
1029 400 1274 448 Veniamus
1302 401 1358 448 ad
1382 401 1641 463 Bonosum,

351 469 410 515 de
429 485 524 532 quo
546 469 689 517 multo
714 471 890 518 minora
913 473 1113 520 condidi.

715 598 1278 658 BONOSUS.

351 766 479 814 XIV.
515 726 788 813 BONosvs
822 764 963 810 domo
998 763 1272 826 Hispanienfi
1307 764 1393 811 fuit
1415 800 1432 823 ,
1467 767 1643 831 origine

352 841 626 897 Britannus,
665 840 796 886 Galla
828 851 976 884 tamen
1015 851 1183 885 matre:
1220 851 1268 885 ut
1310 840 1402 902 ipse
1439 841 1642 901 dicebat,

353 913 551 959 rhetoris
584 911 726 967 filius;
755 925 803 958 ut
838 913 894 958 ab
926 912 1024 958 aliis
1062 913 1294 975 comperi,
1325 914 1558 978 paedagogi
1589 918 1643 963 li-

351 985 519 1032 tei-arii.
542 984 759 1046 parvulus
783 997 949 1047 patrem
978 985 1147 1040 amisit,
1173 1001 1303 1049 atque
1331 1005 1354 1034 a
1379 1003 1515 1034 matre
1544 988 1642 1036 for-

354 1059 507 1107 tissima
534 1061 768 1115 educatus,
798 1059 1024 1106 literarum
1068 1060 1178 1105 nihil
1224 1061 1395 1108 didicit.
1427 1063 1643 1115 Militavit

352 1135 546 1197 primum
572 1133 687 1179 inter
716 1133 998 1189 ordinarios,
1026 1135 1186 1181 deinde
1211 1135 1325 1181 inter
1348 1137 1543 1197 equites:
1564 1139 1642 1185 du-

350 1210 420 1256 )'it
446 1210 654 1267 ordines,
686 1209 963 1255 Tribunatus
993 1209 1110 1271 egit,
1140 1212 1232 1254 dux
1267 1209 1419 1256 limitis
1452 1211 1643 1258 Rhaenci

352 1282 462 1327 fuit:
483 1281 622 1336 bibit,
641 1293 857 1343 quantum
882 1281 1117 1326 hominum
1150 1298 1301 1328 nemo,
1334 1282 1405 1328 De
1431 1282 1517 1329 hoc
1547 1284 1641 1329 Au-

350 1355 548 1400 relianus
571 1354 683 1415 saepe
707 1353 912 1409 dicebat,
941 1356 1041 1398 Non
1057 1389 1070 1409 ,
1095 1369 1140 1398 ut
1169 1358 1311 1410 vivat,
1331 1374 1456 1400 natas
1474 1357 1644 1419 estosed

351 1445 401 1473 nc
431 1431 562 1474 bibat:
583 1443 715 1490 quem
742 1426 922 1489 quidem
959 1426 1036 1473 diu
1065 1427 1111 1472 in
1143 1427 1320 1474 honore
1355 1428 1508 1473 habuit
1535 1445 1643 1476 cau-

353 1501 398 1548 sa
426 1500 612 1547 militiae.
645 1515 745 1545 nam
779 1499 807 1545 si
843 1499 1026 1563 quando
1063 1499 1194 1562 legati
1234 1501 1526 1546 barbarorum
1557 1517 1644 1546 un·

354 1576 588 1635 decunque
619 1571 818 1634 gentium
853 1571 1096 1630 venissent,
1146 1571 1226 1633 ipti
1268 1572 1646 1634 propinabantur,

352 1661 405 1693 ut
433 1662 510 1692 eos
531 1645 797 1701 inebriaret,
833 1657 966 1707 atque
993 1646 1048 1690 ab
1085 1645 1153 1690 his
1185 1661 1262 1706 per
1296 1645 1452 1691 vinum
1486 1646 1646 1691 cuncta

353 1717 666 1782 cognosceret.
689 1717 778 1780 ipse
799 1717 1131 1781 quantumlibet
1167 1716 1363 1769 bibisset,
1389 1716 1556 1777 semper
1580 1717 1645 1762 se-

354 1807 489 1839 curus
518 1794 566 1838 &
592 1791 796 1845 sobrius,
831 1792 880 1837 ὅ(
899 1826 911 1847 ,
941 1802 988 1836 ut
1020 1790 1258 1836 Onesimus
1287 1789 1420 1845 dicit,
1456 1788 1645 1850 scriptor

354 1865 466 1912 vitae
487 1864 650 1921 P1obi,
671 1864 817 1911 adhuc
836 1863 880 1908 in
907 1863 1017 1908 vino
1040 1863 1319 1924 prudentior.
1341 1862 1505 1908 Habuit
1531 1877 1643 1922 prae-

355 1950 476 1984 terea
501 1954 593 1983 rem
616 1937 863 1984 mirabilem
879 1973 893 1994 ,
912 1951 987 1995 ut,
1009 1950 1227 2000 quantum
1242 1936 1448 1993 bibiffet,
1469 1949 1643 1982 tantum

356 2011 601 2075 mingere13
629 2026 777 2073 neque
802 2026 998 2073 unquam
1020 2023 1097 2056 aut
1117 2008 1213 2070 ejus
1235 2010 1412 2073 pectus,
1429 2020 1504 2055 aut
1530 2023 1644 2054 ven-

356 2095 426 2129 ter
443 2118 455 2139 ,
475 2094 550 2128 aut
572 2083 716 2129 vesica
739 2098 1015 2145 gravaretur.

422 2156 528 2202 XV.
551 2155 638 2201 Hic
663 2155 807 2212 idem,
825 2171 927 2201 cum
957 2155 1155 2216 quodam
1179 2166 1382 2216 tempore
1408 2152 1455 2200 in
1477 2153 1642 2199 Rheno

358 2228 588 2274 Romanas
629 2227 827 2274 luxurias
860 2229 1077 2274 Germani
1120 2228 1442 2282 incenaiss'ent‚
1480 2225 1643 2271 timore

358 2315 417 2346 ne
448 2315 602 2361 poenas
632 2299 784 2357 daret,
820 2298 965 2346 sumsit
1007 2300 1269 2361 imperium:
1307 2299 1441 2362 idque
1479 2297 1644 2344 diutius

358 2374 530 2432 tenuit,
553 2391 686 2437 quam
711 2374 975 2421 merebatur.
999 2391 1100 2420 nam
1129 2375 1271 2436 longo
1301 2374 1516 2435 gravique
1547 2386 1641 2415 cer-

357 2445 527 2494 tamine
553 2463 579 2496 a
608 2447 761 2502 Probo
799 2447 1058 2511 superatus,
1092 2448 1258 2511 laqueo
1295 2446 1435 2495 vitam
1472 2441 1641 2490 finivit.
