1637 2785
323 157 1135 207 SEVERUSIMPERATOR.
1296 173 1382 221 tw

164 266 272 313 XX.
296 265 462 328 Legiffe
493 280 562 310 me
591 264 706 325 apud
734 264 898 309 AElium
930 266 1132 309 Maurum
1165 262 1385 326 Phlegon-

99 337 157 386 tis
185 338 401 385 Tralliani
420 338 624 385 libertum
646 337 858 394 memini,
887 337 1149 399 Septimium
1171 339 1386 384 Severum

99 409 535 468 immoderatiffime,
569 428 669 458 cum
698 423 973 466 moreretur,
1002 410 1228 465 laetatum,
1259 409 1386 472 quod

99 482 216 528 duos
246 482 505 528 Antoninos
534 482 626 545 pari
648 482 842 544 imperio
875 480 1131 543 reipublicae
1158 481 1384 554 relinque—

101 569 194 612 ret,
216 555 426 617 exemplo
452 555 545 613 Pii,
573 554 648 618 qui
686 557 850 600 Verum
877 554 925 600 &
956 555 1159 599 Marcum
1190 539 1388 599 Antoni-

101 644 188 675 nos
215 645 293 690 per
316 628 607 690 adoptionem
632 626 749 674 filios
774 626 1028 689 reipublicae
1062 625 1271 689 reliquit:
1296 626 1386 673 hoc

103 699 288 757 melius,
321 700 446 763 quod
475 699 546 746 ille
577 697 694 745 filios
734 716 809 761 per
845 698 1171 761 adoptionem,
1209 697 1281 744 hic
1311 713 1389 759 per

105 772 147 820 se
164 774 341 838 genitos
359 810 374 831 ,
390 774 584 821 refilores
608 774 825 819 Romanae
847 771 1102 835 reipublicae
1125 771 1272 829 daret,
1290 772 1387 816 An-

104 847 317 894 toninum
345 846 510 894 scilicet
548 847 823 905 Baffianum,
855 862 987 909 quem
1019 862 1074 891 ex
1106 845 1259 907 priore
1289 862 1387 890 mae

104 920 326 968 trimonio
355 919 627 982 susceperat,
653 922 702 967 &
731 922 918 975 Getam,
943 935 1071 980 quem
1101 918 1154 964 de
1182 918 1292 965 Julia
1317 935 1391 982 ge-

106 1006 276 1039 nuerat.
311 993 397 1039 Sed
429 991 554 1038 illum
581 992 768 1038 multum
800 991 893 1055 spes
924 990 1092 1037 fefellit.
1122 1007 1220 1036 nam
1250 1008 1389 1036 unum

105 1065 419 1129 parricidium,
441 1065 627 1111 alterum
656 1064 718 1109 sui
747 1079 895 1109 mores
928 1061 1185 1125 reipublicae
1215 1061 1391 1108 invide-

106 1152 241 1184 runt:
275 1136 559 1200 sanctumque
586 1135 700 1182 illud
730 1151 895 1181 nomen
936 1135 980 1181 in
1010 1134 1136 1180 nullo
1167 1134 1242 1180 diu
1279 1135 1391 1181 bene

107 1210 279 1257 manfit.
311 1211 365 1256 Et
398 1209 620 1273 reputanti
660 1208 798 1267 mihi,
837 1207 1128 1254 Diocletiane
1166 1207 1392 1270 Auguste,

109 1282 334 1330 neminem
365 1299 508 1346 prope
542 1298 807 1345 magnorum
843 1281 1046 1327 virorum
1083 1279 1303 1342 optimum
1344 1284 1392 1329 ἃ

108 1355 263 1402 utilem
283 1355 425 1402 filium
443 1355 665 1419 reliquisse
684 1354 780 1401 satis
800 1354 949 1401 claret.
974 1354 1186 1416 Denique
1208 1367 1281 1401 aut
1303 1355 1391 1401 fine.

109 1427 258 1476 liberis
292 1429 378 1477 viri
402 1430 695 1487 interierunt,
725 1442 798 1476 aut
833 1428 940 1475 tales
973 1427 1225 1474 habuerunt
1261 1429 1393 1490 pleri—

109 1518 225 1564 que,
253 1515 302 1548 ut
332 1502 488 1548 melius
516 1494 648 1549 fuerit
669 1502 721 1548 de
749 1501 878 1548 rebus
905 1500 1107 1547 humanis
1131 1500 1221 1547 fine
1244 1501 1393 1563 poste—

110 1574 241 1621 ritate
269 1575 503 1622 discedere.

177 1649 303 1694 XXI.
327 1648 380 1692 Et
400 1660 452 1694 ut
469 1646 696 1693 ordiamur
717 1663 738 1691 a
755 1644 959 1691 Romulo
977 1662 986 1690 :
1003 1644 1075 1691 hic
1097 1644 1208 1691 nihil
1230 1645 1395 1692 libe-mo

113 1736 211 1765 rum
231 1720 410 1782 reliquit
425 1753 437 1775 ,
454 1719 562 1766 nihil
579 1722 724 1766 Numa
741 1719 1006 1781 Pompilius,
1026 1720 1148 1781 quod
1165 1719 1273 1765 utile
1294 1720 1395 1783 pos-

114 1793 177 1840 set
198 1792 280 1840 effe
302 1794 573 1856 reipublicae.
601 1794 725 1853 Quid
743 1793 988 1840 Camillus?
1019 1810 1124 1839 num
1148 1792 1208 1838 sui
1234 1793 1396 1840 similes
1422 1798 1426 1801 ’

113 1868 281 1914 liberos
313 1869 461 1915 habuit
485 1868 503 1915 ἓ
533 1869 656 1929 Quid
682 1868 871 1932 Scipio?
901 1869 1024 1930 Quid
1056 1870 1254 1916 Catones
1274 1906 1286 1926 ‚
1316 1870 1395 1932 qui

114 1941 265 2004 magni
294 1940 501 1988 fuerunt?
526 1943 616 1988 Jam
653 1958 767 1987 vero
802 1942 911 2004 quid
949 1942 1002 1988 de
1032 1943 1263 1995 HomerO,
1295 1943 1394 1989 De-

116 2016 374 2073 mosthene,
400 2016 599 2079 Virgilio
615 2051 628 2075 ,
657 2015 843 2077 Crispo,
867 2017 915 2063 &
938 2015 1155 2062 Terentio
1175 2053 1188 2072 ‚
1208 2016 1394 2072 Plauto,

115 2088 358 2151 ceterisque
387 2089 482 2135 aliis
504 2089 699 2151 loquar?
723 2089 847 2150 Quid
876 2091 929 2135 de
959 2088 1166 2135 Caesare?
1191 2089 1315 2148 Quid
1349 2089 1396 2134 le

114 2160 298 2216 Tullio,
321 2161 392 2208 cui
422 2161 504 2209 soli
534 2161 693 2209 melius
719 2162 860 2208 fuerat
889 2162 1054 2207 liberos
1076 2178 1169 2208 non
1200 2162 1394 2207 habere?

116 2230 242 2289 Quid
259 2231 312 2278 de
334 2232 555 2295 Augusto,
577 2234 652 2295 qui
674 2250 752 2280 nec
773 2233 1040 2294 adoptivum
1062 2234 1232 2279 bonum
1257 2231 1395 2276 filium

115 2301 293 2358 habuit,
325 2319 427 2348 cum
456 2303 521 2349 illi
551 2305 737 2367 eligendi
762 2305 952 2366 potestas
991 2305 1134 2350 fuiffet
1170 2322 1221 2350 ex
1250 2303 1397 2349 omni-

117 2376 213 2422 bus.
242 2376 384 2422 Falsus
406 2377 467 2422 est
492 2377 622 2424 etiam
645 2378 734 2440 ipse
759 2377 980 2440 Trajanus
1005 2379 1048 2424 in
1072 2379 1149 2425 suo
1173 2377 1397 2440 municipe

121 2465 172 2496 ac
201 2462 364 2513 nepote
390 2449 640 2515 deligendo.
659 2451 742 2497 Sed
760 2464 808 2498 ut
838 2451 1098 2498 omittamus
1125 2451 1398 2514 adoptivOS‚
