1637 2785
288 124 1101 172 MAX1M1N1DUO.
1283 142 1334 190 13

61 234 314 282 orationem
342 234 487 281 fu‘iffe:
516 234 642 296 quod
672 231 881 279 credibile
909 232 984 280 est.
1013 231 1122 296 quid
1144 232 1261 279 enim
1292 233 1340 280 in

58 309 142 356 hac
169 308 255 367 est,
283 309 408 371 quod
435 323 528 353 non
556 306 696 369 poffet
727 306 934 352 barbarus
963 305 1124 352 miles?
1151 306 1231 370 qui
1259 324 1341 368 pa-

59 381 97 426 ri
125 380 336 427 sententia
365 381 415 429 &
444 379 497 424 ad
527 378 748 440 populum
778 378 969 440 scriptit,
994 377 1064 425 sed
1085 377 1244 440 majori
1273 396 1342 426 re·

63 451 288 509 verentia,
321 451 494 498 idcirco
527 450 652 513 quod
678 451 885 497 Senatum
917 451 1098 508 oderat,
1128 469 1150 498 a
1180 469 1271 514 quo
1299 451 1341 500 se

61 524 294 574 contemni
320 524 512 572 multum
537 523 758 571 credebat.
781 524 902 571 Juffit
932 535 1142 587 praeterea
1174 526 1342 573 tabulas

59 597 212 661 pingi,
231 596 290 644 ita
311 609 359 643 ut
379 610 468 644 erat
489 596 653 642 bellum
680 596 823 659 ipsum
844 596 1012 660 gestum
1029 630 1042 651 ‚
1063 599 1112 644 &
1137 611 1238 644 ante
1263 615 1342 645 cu-

61 672 168 718 riam
191 672 417 735 proponi,
436 683 484 718 ut
502 669 611 717 faEta
630 669 725 732 ejus
749 671 916 733 picium
931 672 1214 734 loqueretur:
1236 688 1342 734 quas

60 743 239 807 quidem
268 743 440 790 tabulas
463 743 562 806 post
583 757 774 791 mortem
803 742 897 806 ejus
923 744 1108 791 Senatus
1131 746 1180 792 &
1200 744 1342 807 depo·

61 815 107 862 ni
129 815 269 878 justit,
293 817 342 864 &
363 816 510 864 exuri.

146 892 265 938 thl.
295 894 489 938 Fuerunt
523 892 571 938 &
598 890 681 937 alia
708 889 789 937 sub
816 907 872 937 eo
901 889 1016 936 bella
1044 891 1263 953 plurima,
1286 907 1343 938 ex

60 964 225 1028 quibus
255 964 425 1027 semper
452 963 619 1027 primus
649 963 798 1009 victor
820 962 1028 1020 revertit,
1058 964 1106 1010 &
1136 981 1236 1011 cum
1270 965 1343 1012 in-

61 1039 267 1103 gentibus
294 1038 445 1102 spoliis
473 1050 606 1101 atque
637 1037 837 1100 captivis.
870 1036 1019 1082 Exstat
1046 1038 1195 1086 oratio
1226 1038 1344 1101 ejus-

63 1115 191 1172 dem,
216 1114 336 1160 missa
365 1115 418 1160 ad
438 1115 673 1169 Senatum,
701 1110 828 1171 cnjus
853 1111 943 1158 hoc
965 1113 1224 1175 exemplum
1250 1114 1344 1163 est:

60 1189 190 1235 Brevi
217 1205 413 1247 tempore,
447 1187 593 1231 Patres
621 1185 866 1246 conscripti,
901 1200 962 1229 tot
988 1186 1092 1230 bella
1114 1186 1226 1249 gqffi„
1248 1205 1347 1248 quot

62 1279 181 1306 nemo
205 1276 394 1306 veterum.
422 1260 601 1304 Tantum
621 1261 770 1318 praeclcc
794 1259 837 1302 in
862 1259 1099 1304 Romanum
1108 1262 1249 1320 solum
1280 1278 1346 1307 at»

62 1336 169 1390 tuli,
191 1349 387 1396 quantum
396 1333 558 1392 sperari
587 1350 672 1376 non
697 1332 849 1391 potuit.
877 1335 1058 1378 Tantum
1090 1339 1344 1394 captivorum

62 1410 234 1463 adduxj
247 1441 261 1464 ‚
291 1423 337 1452 ut
351 1409 428 1452 vix
443 1407 543 1466 sola
568 1408 766 1450 Romana
781 1404 1014 1467 sufficiant.
1033 1407 1219 1469 Reliqua
1241 1425 1346 1454 ora-

64 1480 201 1526 tionis
224 1481 359 1528 verba
380 1496 472 1525 non
491 1479 587 1524 sunt
606 1478 660 1524 ad
681 1494 773 1523 rem
791 1478 1037 1526 necessaria.
1058 1480 1212 1526 Pacata
1233 1482 1346 1527 Ger·

63 1556 210 1602 mania
230 1591 244 1613 ,
261 1554 468 1601 Sirmium
498 1554 622 1600 venit
637 1552 865 1610 ,Sarmatis
889 1551 1053 1599 inferre
1074 1554 1238 1601 bellum
1269 1574 1346 1619 pa-

64 1644 166 1676 rans
204 1641 335 1691 atque
373 1628 524 1674 animo
563 1627 761 1683 habens,
804 1626 1081 1688 concupiens
1116 1628 1251 1690 usque
1290 1631 1347 1677 ad

65 1704 300 1748 Oceanum
333 1699 712 1762 septemtrionales
746 1713 888 1761 partes
919 1699 966 1746 in
996 1700 1246 1748 Romanam
1280 1704 1347 1750 di-

66 1775 240 1820 tionem
272 1775 494 1836 redigere:
521 1774 647 1836 quod
681 1772 870 1832 fecisset,
896 1772 927 1819 fi
954 1773 1155 1831 vixiffet,
1178 1787 1228 1821 ut
1256 1776 1347 1822 He«

68 1847 282 1893 rodianus
310 1845 417 1893 dicit
450 1848 636 1892 Graecus
671 1844 884 1906 scriptor,
918 1845 994 1908 qui
1028 1845 1102 1903 ei,
1131 1861 1346 1910 quantum

66 1919 360 1977 videmus‚in
395 1919 551 1964 odium
573 1917 814 1965 Alexandri
850 1918 1088 1981 plurimum
1120 1918 1244 1967 favit.
1264 1921 1349 1967 Sed

68 2009 170 2039 cum
198 1992 389 2039 Romani
417 1991 509 2053 ejus
533 1992 837 2039 crudelitatem
869 1990 982 2037 ferre
1021 2008 1113 2036 non
1146 1993 1348 2054 poffent,

68 2066 194 2128 quod
218 2066 438 2112 delatores
466 2078 706 2122 evocaret,
726 2064 1027 2111 accusatorem
1058 2065 1316 2113 immitteret
1334 2104 1347 2122 ‚

69 2136 254 2184 crimina
286 2135 502 2199 fingeret,
527 2137 791 2184 innocentes
828 2137 1084 2191 occideret,
1121 2138 1348 2187 damnaret

69 2223 262 2263 omnes,
280 2207 537 2270 quicunque
566 2207 612 2254 in
641 2206 851 2268 judicium
877 2206 1120 2264 veniss'ent,
1140 2225 1194 2254 ex
1223 2210 1346 2256 ditis-

67 2278 184 2326 fimis
209 2280 466 2327 hominibus
486 2283 790 2345 pauperrimos
820 2281 1014 2340 faceret,
1034 2299 1116 2329 nec
1143 2284 1348 2344 aliunde,

69 2353 148 2399 nisi
184 2354 303 2401 malo
338 2354 516 2414 alieno,
536 2357 768 2419 pecuniam
801 2371 1035 2421 quaereret,
1066 2357 1223 2406 deinde
1258 2360 1350 2407 fine

71 2424 233 2474 delicto
267 2427 519 2476 consulares
549 2428 673 2477 viros
695 2431 745 2477 ἃ
771 2430 905 2478 duces
931 2431 1094 2478 multos
1124 2430 1349 2486 interimce
