1714 2807
295 184 389 226 ἰοῦ

454 513 708 584 AELII
784 515 1421 588 SPARTIANI

303 709 1159 790 ANTONINUS
1216 715 1574 792 GETA

901 878 994 918 AD

545 1012 1149 1063 CONSTANTINUM
1192 1016 1359 1065 AUG.

296 1370 333 1418 1.
367 1332 541 1427 Seto,
563 1370 859 1417 Constantine
890 1369 1079 1433 Auguste
1094 1407 1106 1426 ‚
1127 1371 1178 1418 δε
1203 1369 1396 1425 multos,
1418 1371 1466 1418 δι
1487 1368 1578 1417 dei

300 1443 512 1489 mentiam
535 1457 653 1489 tuam
671 1442 958 1506 quaestionem
980 1459 1165 1489 movere
1184 1443 1328 1505 poffe,
1345 1459 1424 1490 cur
1444 1443 1577 1489 etiam

300 1517 416 1562 Geta
440 1516 702 1562 Antoninus
720 1533 743 1562 a
767 1533 837 1564 me
862 1517 1067 1564 tradatur.
1091 1518 1144 1563 de
1174 1515 1299 1577 cujus
1320 1517 1576 1580 priusquam

300 1588 380 1634 vel
406 1588 496 1634 vita
515 1623 529 1644 ‚
558 1588 633 1635 vel
651 1605 759 1636 nece
778 1590 921 1637 dicam
936 1625 949 1648 ,
969 1590 1190 1648 differam,
1213 1607 1290 1638 cur
1315 1592 1362 1637 &
1381 1590 1459 1651 ipsi
1478 1595 1578 1636 An-

301 1661 438 1705 tonina·
459 1676 482 1705 a
503 1660 674 1706 Severo
701 1672 823 1722 patre
853 1660 905 1706 fit
933 1676 1098 1706 nomen
1130 1659 1394 1722 appositum.
1419 1659 1578 1722 Neque

297 1733 421 1778 enim
449 1733 586 1779 multa
615 1733 661 1778 in
688 1734 782 1793 ejus
806 1734 899 1780 vita
926 1734 1012 1781 dici
1041 1734 1244 1797 possunt,
1266 1733 1342 1797 qui
1366 1733 1488 1797 prius
1509 1750 1579 1780 re-

301 1805 384 1851 bus
407 1804 610 1852 humanis
629 1820 831 1852 exemtus
851 1806 911 1853 est
926 1842 938 1863 ‚
958 1824 1090 1870 quam
1115 1822 1215 1854 cum
1241 1806 1376 1853 fratre
1407 1817 1578 1853 teneret

298 1877 550 1940 imperium.
573 1879 812 1941 Septimius
833 1881 1022 1928 Severus
1038 1881 1232 1941 quodam
1254 1893 1456 1941 tempore
1475 1897 1575 1929 cum

297 1950 587 1998 consuluisset
619 1967 670 1997 ac
707 1951 914 2013 petiisse-t,
945 1964 994 1998 ut
1034 1951 1111 1997 fibi
1145 1951 1442 2008 indicaretur,
1481 1965 1577 2014 quo

298 2023 405 2070 effet
440 2022 685 2070 successore
717 2024 983 2083 moriturus,
1013 2023 1058 2070 in
1091 2025 1255 2071 somnis
1287 2024 1400 2072 vidit
1426 2026 1576 2072 Anto-

299 2095 458 2141 ninum
485 2095 562 2140 fibi
581 2095 895 2143 successurum:
915 2113 1048 2159 quare
1065 2097 1204 2144 statim
1223 2097 1276 2143 ad
1292 2097 1452 2144 milites
1471 2111 1578 2158 pro-

299 2167 447 2223 ceffit,
470 2168 518 2214 &
546 2168 816 2225 Bassianum,
835 2167 974 2216 filium
995 2169 1209 2229 majorem
1232 2183 1333 2217 natu
1349 2205 1362 2228 ,
1385 2172 1576 2216 Marcum

300 2241 524 2286 Aurelium
557 2242 831 2286 Antoninum
859 2241 1114 2303 appellavit.
1144 2242 1285 2301 Quod
1317 2257 1416 2288 cum
1452 2239 1579 2287 fecis-

298 2310 387 2368 set,
415 2325 595 2374 paterna
620 2313 922 2376 cogitatione,
952 2314 1053 2371 vel,
1074 2327 1121 2360 ut
1143 2314 1320 2378 quidam
1350 2312 1530 2368 dicunt,
1551 2328 1577 2359 a

299 2383 414 2432 Julia
444 2400 587 2431 uxore
610 2385 941 2442 commonitus,
972 2403 1071 2449 quae
1101 2404 1232 2450 gnara
1264 2398 1356 2432 erat
1386 2384 1576 2444 somnii,

300 2455 430 2521 quod
467 2456 636 2507 minori
660 2456 756 2506 filio
785 2458 874 2509 hoc
898 2457 1016 2508 fausto
1040 2458 1129 2524 ipse
1159 2457 1458 2508 interclufiffet
1482 2457 1578 2510 adh
