1637 2785
268 147 531 196 D1st
583 145 1141 216 AURELIANUS.
1281 138 1403 209 187'

76 265 260 320 perator
287 254 483 313 ejusdem
513 252 585 298 vir
611 252 851 315 sanguinis.
877 251 1002 315 cujus
1030 265 1144 316 puto
1170 251 1375 315 posteros

77 330 130 375 ad
156 344 251 377 eam
280 327 497 389 gloriam,
522 343 622 386 quae
650 343 671 371 a
699 326 948 372 Druidibus
976 326 1269 389 praenuntiata
1292 325 1376 384 fit,

77 402 332 464 pervenire.
355 397 483 453 quod
507 399 682 444 idcirco
713 413 798 459 ego
815 398 861 443 in
885 398 1118 445 Aureliani
1147 398 1242 445 vita
1263 415 1378 445 con-

76 474 194 520 stimi
214 511 225 530 ‚
254 474 356 536 quia
385 474 481 522 haec
509 470 590 534 ipsi
622 472 869 520 Aureliano
901 471 1155 520 consulenti
1185 472 1378 536 respon-i

77 548 117 596 sa
144 550 256 594 sunt.

141 623 281 669 XLV.
315 620 512 684 Veffigal
543 637 598 668 ex
629 621 833 686 AEgypto
859 619 959 667 urbi
984 621 1146 668 Romae
1175 619 1379 668 Aurelia-t

77 711 159 742 nus
199 695 329 750 vitri,
362 696 526 741 chartae
551 730 564 745 ,
599 695 709 753 lini,
747 695 915 755 stupae,
951 707 1088 758 atque
1120 692 1379 740 anabolicas

78 767 245 828 species
282 783 468 813 aeternas
504 767 761 829 constituits
783 768 1006 813 Thermas
1035 767 1083 812 in
1110 764 1383 812 Transtibe-

79 842 177 886 rina
216 842 404 904 regione
436 842 708 887 Aurelianus
748 839 893 887 facere
926 839 1098 900 paravit
1133 837 1380 896 hiemales,

79 916 206 979 quod
227 934 354 978 aquae
375 914 622 978 frigidioris
642 916 774 977 copia
797 915 890 961 illic
909 914 1079 961 deeffet.
1100 916 1266 960 Forum
1282 910 1382 964 'no-3

78 988 212 1035 minis
232 988 295 1034 sui
317 989 358 1033 in
381 986 573 1033 Ostiensi
597 988 651 1033 ad
676 1003 797 1033 mare
822 985 1008 1033 fundare
1031 985 1189 1047 coepit.
1211 984 1254 1029 in
1283 1000 1382 1045 quo

80 1059 232 1123 postea
263 1061 524 1122 praetorium
557 1059 788 1121 publicum
822 1059 1119 1106 coustitutum
1147 1058 1221 1105 est.
1251 1055 1384 1104 Ami-

77 1149 157 1180 cos
192 1132 294 1179 suos
328 1132 514 1179 honeste
552 1131 716 1179 ditavit
753 1134 802 1179 Sc
843 1131 1056 1190 modice,
1092 1144 1141 1178 ut
1185 1129 1384 1177 miserias

78 1207 356 1269 paupertatis
387 1206 661 1270 effugerent,
688 1208 738 1254 &
761 1205 1024 1253 divitiarum
1053 1204 1273 1253 invidiam
1301 1221 1384 1266 pa-

78 1279 283 1326 trimonii
328 1280 642 1326 moderatione
683 1279 893 1328 vitarent.
935 1280 1116 1327 Vestem
1155 1278 1385 1330 holoserie.

80 1369 177 1399 cam
205 1368 350 1415 neque
375 1352 465 1415 ipse
498 1353 544 1398 in
577 1352 789 1399 vestiario
819 1352 897 1400 suo
926 1352 1111 1410 habuit,
1135 1369 1281 1416 neque
1312 1352 1384 1399 al-

80 1425 164 1472 teri
190 1426 403 1472 utendam
436 1427 570 1473 dedit.
609 1429 662 1472 Et
693 1444 794 1473 cum
829 1426 886 1473 ab
913 1443 969 1473 eo
999 1443 1118 1474 uxor
1145 1426 1219 1473 sua
1252 1441 1383 1490 pete-

78 1514 174 1559 ret,
210 1515 258 1548 ut
292 1503 431 1549 unico
465 1503 603 1563 pallio
637 1503 807 1548 blatteo
847 1501 990 1549 serico
1031 1513 1264 1556 uteretur,
1303 1498 1383 1547 ille

78 1573 337 1636 respondit,
367 1575 521 1640 Absit,
541 1593 588 1621 uc
614 1594 716 1621 auro
730 1577 816 1635 fila
842 1577 1096 1639 pensentur:
1127 1573 1238 1621 libra
1259 1571 1384 1620 enim

79 1646 178 1693 auri
199 1659 307 1693 tunc
331 1647 442 1693 libra
465 1647 591 1693 seriei
614 1648 709 1695 fuit.

147 1718 309 1765 XLVI.
339 1719 505 1766 Habuit
527 1719 572 1765 in
603 1719 784 1779 animo,
805 1732 854 1767 ut
874 1736 1033 1768 aurum
1065 1735 1211 1784 neque
1237 1717 1282 1766 in
1306 1728 1384 1766 cae-¹

81 1807 254 1847 meras,
283 1808 431 1854 neque
457 1792 502 1837 in
535 1793 738 1851 tunicas,
778 1808 925 1856 neque
958 1792 1004 1839 in
1035 1793 1201 1856 pelles,
1233 1807 1384 1855 neque

81 1862 128 1910 in
163 1877 395 1926 argentum
430 1866 703 1913 mitteretur:
737 1866 920 1924 dicens»,
948 1866 1046 1929 plus
1077 1866 1173 1913 auri
1214 1864 1299 1912 effe
1334 1864 1384 1912 in

80 1952 231 1982 rerum
258 1948 411 1986 natura
431 1972 443 1992 ‚
469 1954 602 1998 quam
625 1938 819 2001 argenti;
846 1938 917 1986 sed
942 1955 1098 1986 aurum
1127 1954 1205 2000 per
1228 1937 1384 1984 varios

84 2008 390 2068 braaearum,
419 2008 624 2069 filorum,
650 2014 698 2059 &
729 2011 1036 2075 liquationum
1070 2011 1172 2058 usus
1204 2009 1385 2073 perire,

82 2095 314 2145 argentum
348 2095 494 2130 autem
528 2083 574 2130 in
608 2083 687 2130 suo
714 2084 794 2130 usu
823 2101 1016 2133 manere.
1048 2085 1168 2131 Idem
1201 2083 1387 2130 dederat

82 2152 373 2212 facultatem,
408 2167 458 2202 ut
492 2156 670 2215 aureis,
702 2156 779 2220 qui
824 2157 1024 2215 vellent,
1053 2159 1103 2205 δέ
1137 2156 1251 2204 vafis
1283 2167 1387 2203 utei

84 2225 268 2283 rentur,
296 2227 345 2274 &
380 2227 573 2290 poculis.
603 2229 741 2277 Dedit
767 2226 983 2292 praeterea
1016 2228 1307 2292 potestatem,
1332 2236 1385 2275 ut

84 2310 336 2361 argentatas
381 2298 549 2361 privati
590 2319 795 2350 carrucas
831 2303 1076 2361 haberent;
1112 2319 1214 2351 cum
1253 2315 1384 2350 antea

16 2369 18 2371 “
87 2383 218 2417 aerata
241 2372 291 2418 &
317 2372 505 2421 eborata
534 2374 742 2424 vehicula
769 2375 962 2426 fuiffent.
987 2377 1108 2424 Idem
1139 2376 1385 2435 conceffit,
1432 2435 1438 2441 .

88 2454 139 2491 ut
171 2442 360 2494 blatteas
397 2459 619 2496 matronae
650 2448 817 2499 tunicas
847 2448 1096 2512 haberent,
1129 2449 1181 2499 &
1217 2460 1385 2500 ceteras
