1714 2807
302 160 389 192 2⁴10
555 147 768 192 JULII
820 147 1333 196 CAPITOLINI

292 258 533 300 Macrinum
561 255 793 300 libertinum
819 255 1023 301 hominem
1039 257 1306 320 prostibulum
1325 291 1338 314 ,
1348 258 1573 317 servilibus

295 329 446 390 officiis
473 343 711 387 occupatum
743 328 789 372 itz
816 330 937 373 domo
968 332 1230 387 imperatoria
1251 362 1262 383 ‚
1298 333 1437 374 venali
1453 330 1540 388 fide
1559 365 1573 388 ‚

293 402 382 444 vica
398 399 576 460 sordida
588 401 674 459 sub
701 402 921 446 Commodo
937 436 947 453 ‚
969 420 994 445 a
1017 406 1160 446 Severo
1178 418 1371 447 remotum
1404 404 1524 446 etiam
1545 420 1572 446 a

293 471 529 530 miserrimis
555 472 700 534 officiis
721 508 733 527 ‚
756 477 1046 535 relegatumque
1073 478 1118 519 in
1150 475 1346 533 Africam
1365 509 1378 531 ,
1407 477 1478 521 ubi
1494 510 1506 531 ‚
1526 492 1573 521 ut

293 545 518 603 infamiam
543 548 830 591 damnationis
864 564 1004 608 tegeret
1021 583 1033 601 ‚
1054 550 1216 594 [εὲἶὶοηὶ
1245 567 1404 608 operam
1433 549 1572 607 dedis-

279 620 361 680 se,
387 617 503 681 egffi
534 621 752 680 caufitlas,
780 620 1038 682 declamaffi‚
1062 621 1140 676 jus
1167 623 1364 687 postremo
1400 619 1568 683 dlxiffi.

291 699 516 741 Donatum
537 711 672 739 autem
695 696 838 737 anulis
855 694 988 736 aureis
1001 728 1013 746 ,
1030 694 1318 751 patrocinante
1323 693 1411 755 fibi
1430 695 1570 738 liberto

277 772 362 831 fito
388 770 496 830 Festo
514 787 534 824 ;
564 769 810 812 advocatum
819 767 918 825 fisei
923 764 1085 822 saelum
1093 766 1176 825 sub
1202 768 1305 811 Vero
1331 769 1570 811 Antonino.

286 841 371 888 Sed
407 842 456 887 &
485 841 579 886 haec
612 838 743 885 dubia
771 851 1031 900 ponuntur,
1059 840 1107 885 &
1143 836 1226 883 alia
1262 837 1474 884 dicuntur
1514 839 1570 884 ab

287 915 384 962 aliis
404 950 416 970 ‚
446 931 546 976 quae
578 912 668 974 ipsa
702 927 884 975 quoque
915 927 1008 957 non
1039 910 1298 957 tacebimus.
1327 912 1440 956 Nam
1477 912 1569 972 ple-

253 988 410 1050 ‘rique
450 982 759 1048 gladiatoriam
797 999 989 1046 pugnam
1027 999 1127 1028 eum
1164 982 1410 1028 exhibuisse
1443 983 1569 1028 dixe-

286 1073 408 1115 runt,
425 1059 499 1105 &.
523 1070 704 1118 accepta
724 1057 854 1111 rudi,
881 1057 932 1101 ad
954 1055 1151 1101 Africam
1175 1055 1247 1101 isse
1268 1073 1278 1101 :
1305 1068 1569 1101 venatorem

284 1132 463 1195 primo,
491 1130 588 1191 post
617 1131 747 1175 etiam
775 1128 1061 1174 tabellionem
1090 1125 1239 1183 fuisse,
1260 1128 1466 1187 deinceps
1489 1124 1568 1173 ad'-

284 1217 502 1251 vocatum
531 1202 655 1248 fuisse
685 1201 803 1249 fisci:
832 1217 885 1246 ex
911 1216 1003 1262 quo
1039 1200 1196 1246 officio
1229 1201 1282 1245 ad
1313 1199 1570 1261 ampliffima

285 1296 476 1343 quaeque
504 1276 726 1338 pervenit.
746 1275 926 1322 Deinde
949 1291 1049 1321 cum
1071 1273 1174 1319 esset
1196 1273 1428 1319 Praefstflus
1451 1290 1568 1334 prae-

285 1351 436 1407 torio,
473 1350 645 1414 collega
683 1348 888 1411 ablegato
915 1382 930 1404 ,
961 1346 1243 1393 Antoninum
1285 1346 1564 1393 Caracallum

285 1427 607 1484 Imperatorem
636 1421 756 1466 suum
789 1419 1041 1477 interemit,
1063 1432 1182 1466 tanta
1212 1416 1391 1466 siffione
1407 1455 1419 1474 ,
1440 1432 1488 1466 ut
1512 1421 1567 1467 ab

284 1512 341 1542 eo
358 1511 451 1541 non
467 1494 694 1541 videretur
711 1492 898 1541 occisus.
914 1509 1013 1539 nam
1033 1493 1215 1540 stratore
1235 1492 1327 1553 ejus
1348 1493 1566 1550 redemtO‚

284 1571 334 1617 &
361 1568 434 1630 spe
461 1568 634 1629 ingenti
663 1568 918 1631 proposita,
942 1570 985 1615 id
1012 1569 1128 1632 egit,
1149 1583 1197 1615 ut
1218 1570 1337 1632 quasi
1366 1568 1566 1616 militari-

283 1642 366 1688 bus
397 1639 586 1699 infidus,
606 1641 730 1704 quod
751 1641 823 1687 vel
856 1643 917 1688 ob
948 1642 1235 1703 parricidium
1257 1642 1330 1688 vel
1347 1641 1564 1691 incestum

282 1713 567 1775 displiceret,
599 1713 858 1759 interemtus
891 1714 1127 1760 diceretur,

349 1790 404 1834 V.
432 1787 584 1834 Statim
614 1787 808 1849 denique
837 1787 1024 1848 arripuit
1047 1788 1309 1851 imperium,
1338 1787 1432 1834 filio
1457 1788 1565 1835 Dia-

282 1862 481 1907 dumeno
511 1860 554 1906 in
580 1860 888 1922 participatum
917 1861 1084 1907 adscito
1106 1897 1118 1916 ‚
1153 1878 1282 1923 quem
1315 1861 1562 1919 continuo,

283 1946 331 1978 ut
359 1932 580 1988 diximus,
607 1938 876 1980 Antoninum
897 1934 1109 1995 appellari
1133 1951 1154 1979 a
1186 1933 1398 1979 militibus
1433 1934 1562 1994 juffit.

282 2007 464 2053 Deinde
489 2022 653 2068 corpus
678 2007 901 2053 Antonini
925 2008 1117 2054 Romam
1147 2006 1335 2063 remisit,
1355 2007 1563 2068 sepulcris

283 2079 504 2141 majorum
547 2079 842 2128 inferendum.
883 2080 1119 2126 Mandavit
1159 2080 1346 2143 collegae
1397 2081 1561 2127 dudum

283 2151 364 2198 suo
395 2151 609 2198 Praefecto
636 2152 859 2214 praetorii,
877 2166 924 2199 ut
953 2169 1115 2199 munus
1140 2153 1263 2199 suum
1289 2166 1487 2210 curaret,
1511 2173 1563 2202 ac

282 2224 508 2288 praecipue
523 2224 803 2271 Antoninum
824 2226 1150 2272 honorabiliter
1169 2226 1402 2288 sepeliret,
1426 2228 1561 2275 dufio

285 2300 440 2346 funere
471 2299 624 2362 regio:
653 2300 777 2360 quod
799 2299 982 2358 sciebat,
1005 2301 1065 2346 ob
1096 2300 1354 2347 vestimenta
1387 2301 1562 2363 populo

285 2377 334 2423 δι
363 2375 588 2439 congiaria
617 2374 744 2430 data,
770 2375 956 2420 multum
989 2375 1264 2420 Antoninum
1289 2392 1311 2420 a
1343 2374 1470 2436 plebe
1495 2374 1562 2419 di-

286 2446 461 2498 leftum,
490 2446 744 2497 Accedebat
764 2446 897 2494 etiam
917 2446 1027 2494 illud
1041 2481 1055 2506 ,
1071 2447 1194 2510 quod
1213 2447 1446 2494 militarem
1464 2462 1561 2494 mo·
