1714 2807
362 142 515 177 XXXII

368 249 467 289 1527

366 471 465 514 1533

369 1070 468 1112 1544

376 1609 476 1664 1546

378 1791 471 1832 1551

380 2326 477 2366 ¹552

382 2386 480 2428 1559

834 128 1187 174 INDEX

526 234 692 283 Coloniae,
715 234 776 275 fol.
807 236 844 274 in
866 236 1000 275 cedibus
1026 235 1189 275 Eucharii
1218 237 1421 276 Cervicomi.
1441 237 1626 290 Repetitio

525 289 691 328 editionis
711 291 926 342 Erasmiatiae
952 289 1071 342 1518,
1095 291 1130 328 in
1153 305 1223 342 qua
1245 305 1336 330 vero
1355 292 1396 330 δε
1411 291 1548 330 Erasmi
1565 293 1626 331 de-

523 342 575 382 est
591 342 774 395 praefatio,
790 344 829 382 ὅ(
851 357 947 383 varr.
969 343 1062 383 lectt.
1085 342 1255 399 Sylloge,
1275 345 1441 384 editionis
1456 345 1627 386 Bafilien.

525 395 571 434 fis
594 396 700 434 indici
724 396 863 436 inserta.

523 460 666 510 Bastleoe
678 459 725 506 11,
739 459 799 498 fol.
817 459 960 499 Omnia
973 475 1083 514 quam
1095 463 1245 501 antehac
1258 462 1526 502 emendatiora:
1548 462 1628 501 An-

523 514 728 552 notationes
750 513 838 552 Des.
863 513 1000 553 Erasini
1023 517 1063 554 &
1091 515 1230 569 Egnatii
1253 517 1401 569 cognitu
1426 516 1557 560 dignae.
1579 516 1627 557 C.

521 566 711 606 Suetonius
733 566 987 619 Tranquillus,
1016 568 1120 607 Dion
1141 567 1303 617 Cassius,
1327 570 1441 608 AElius
1463 558 1627 620 Spartia-

521 634 589 657 nus
601 651 612 666 ,
633 619 745 667 Julius
764 619 990 673 Capitolinus
1003 653 1014 668 ,
1040 623 1153 661 AElius
1165 622 1389 674 Lampridius
1402 653 1413 670 ‚
1436 623 1627 662 Vulcatius

521 672 755 720 Gallicanus,
782 673 984 714 Trebellius
1003 674 1137 722 Pollio,
1159 676 1309 714 Flavius
1329 676 1528 728 Vopiscus,
1550 676 1628 715 He-

521 727 691 765 rodianus
711 726 890 767 Politiano
910 730 1038 781 interp.
1057 727 1138 769 Sex.
1159 729 1325 768 Aurelius
1351 730 1501 777 vietor,
1522 730 1628 768 Pom-

522 781 656 833 ponius
670 781 808 830 Laetus,
825 780 1057 833 J0.Baptista
1074 782 1268 835 Egnatius,
1294 783 1513 821 Ammianus
1531 783 1630 822 Mar.

520 834 667 873 cellinus
687 848 842 886 quatuor
856 836 953 874 libris
973 838 1106 874 auctus.
1129 835 1226 875 Cum
1251 836 1435 875 Indicibus
1454 837 1626 886 copiosis.

524 887 673 927 Basileae
691 890 726 926 in
741 887 888 927 officina
908 889 1156 935 Froben-iana,
1174 901 1271 926 anno
1289 888 1560 929 MDXXXHI.
1580 913 1624 920 -

519 941 693 992 Repetita
706 971 716 988 ,
734 953 909 994 quantum
929 942 975 979 ad
996 942 1180 994 scriptores
1202 941 1363 990 nostros,
1378 956 1422 980 ex
1438 942 1494 981 ed.
1516 943 1628 996 1518.

524 994 614 1046 Ejus
635 996 843 1046 exemplum
867 995 917 1034 cst
941 1009 1052 1046 penes
1072 1009 1152 1034 nos.

524 1056 696 1107 Parisiis,
721 1055 758 1096 8.
783 1072 841 1109 ap.
865 1056 963 1095 Rob.
983 1055 1222 1109 Stephanum.
1243 1055 1333 1094 Dio.
1349 1055 1460 1096 Caffii
1480 1055 1628 1106 Nerva,

524 1109 730 1162 Trajmus,
766 1111 947 1150 Adrianus
967 1140 980 1156 ‚
1011 1111 1246 1163 conflagratio
1274 1109 1442 1158 Vesevi,
1476 1109 1629 1159 Latine,

525 1163 667 1216 Georg.
697 1164 839 1203 Merula
872 1166 1090 1215 interprete3
1123 1164 1236 1202 AElins
1260 1163 1484 1215 Spartianus;
1514 1164 1629 1212 Julius

527 1216 905 1270 Capitolinus-‚AElius
925 1216 1172 1268 Lampridius3
1198 1217 1389 1256 Vulcatius
1401 1216 1627 1266 Gallicanu53

526 1284 610 1309 cum
630 1271 774 1324 Egnatii
796 1272 1105 1310 annotationibus.

528 1334 609 1372 ibid.
633 1349 690 1384 ap.
725 1335 889 1381 eundem,
917 1332 953 1372 8.
986 1332 1184 1372 Trebellius
1209 1332 1350 1379 Pollio,
1375 1333 1522 1372 Flavius
1547 1331 1632 1370 Vo·
1657 1378 1664 1385 ¹

530 1387 667 1438 piscus,
697 1400 779 1425 cum
807 1385 951 1439 Egnatii
975 1387 1291 1433 annotationibus;
1319 1386 1414 1425 Sext.
1444 1386 1535 1425 Aur.
1565 1385 1633 1424 Vi-

527 1440 629 1488 flor,
655 1440 845 1492 Pomponii
864 1439 953 1478 Laeti
976 1441 1238 1491 compendium
1260 1438 1418 1478 historiae
1434 1439 1634 1487 Romam,

529 1492 700 1546 Egnatius
723 1494 767 1532 de
789 1494 1008 1546 principibus
1027 1493 1293 1533 Romanorum.
1313 1516 1357 1523 —
1380 1493 1447 1531 His
1471 1492 1633 1545 separato

525 1547 716 1586 volumine
736 1547 867 1586 eodem
889 1561 984 1586 anno
996 1547 1139 1586 accessit
1160 1548 1374 1586 Ammianus
1392 1546 1633 1585 Marcellinus.

531 1607 839 1660 Bafileae111‚f01.
859 1609 957 1660 apud
973 1609 1212 1648 Frobenium.
1227 1607 1410 1658 Repetitio
1432 1607 1488 1646 ed.
1508 1620 1604 1661 1533
1621 1638 1633 1656 ,

530 1677 614 1701 cum
638 1666 731 1701 noris
752 1663 910 1716 Egnatii.
946 1663 987 1701 ln
1011 1676 1053 1701 ea
1076 1661 1219 1701 acceffit
1247 1662 1283 1699 V
1281 1660 1399 1714 ellejus
1428 1662 1634 1700 Paterculus

531 1730 576 1754 ex
593 1716 696 1755 Beati
721 1716 886 1755 Rhenani
911 1717 1034 1755 iterata
1055 1715 1269 1756 recensione.

532 1778 722 1829 Lugduni,
751 1791 810 1817 12.
842 1791 902 1829 ap.
938 1778 1020 1817 Seb.
1050 1777 1255 1830 Gryphium.
1290 1791 1311 1816 2
1334 1776 1420 1815 voll.
1447 1775 1632 1816 Caesarum

531 1833 622 1869 vitae
642 1831 720 1883 post
749 1831 964 1870 Suetonium
993 1831 1245 1882 Tranquillum
1268 1830 1486 1882 conscriptae.
1526 1830 1634 1880 Qua-

531 1897 614 1922 rum
638 1886 802 1923 auctores
833 1885 931 1923 sunt:
956 1885 1010 1932 hi,
1031 1884 1133 1923 Dion
1162 1882 1302 1923 Caffius
1330 1883 1489 1922 Nicaeus.
1522 1885 1635 1923 AElius

533 1936 754 1989 Spartianus,
777 1938 888 1986 Julius
903 1938 1139 1990 Capitolinus.
1153 1938 1267 1976 AElius
1289 1937 1528 1988 Lampridius.
1547 1937 1636 1976 Vul-

533 1993 650 2030 catius
668 1991 888 2031 Gallicanus.
913 1992 1021 2039 Joan.
1048 1992 1152 2042 Bapt.
1182 1990 1324 2043 Egnatii
1350 1991 1475 2029 Veneti
1499 1992 1534 2028 in
1556 1990 1634 2030 eos-

532 2045 618 2083 dem
640 2045 920 2085 Annotationes.
953 2068 997 2074 —
1034 2045 1202 2082 Vitat-um
1223 2043 1404 2082 Caesarum
1426 2043 1569 2083 Tomus
1587 2044 1633 2083 11.

532 2098 706 2148 Quarum
735 2099 898 2137 nublores
929 2098 1007 2136 sunt
1034 2099 1091 2144 hi,
1113 2097 1311 2136 Trebclssius
1338 2096 1463 2136 Pollio.
1487 2097 1635 2136 Flavius

530 2152 727 2204 Vopiscus.
751 2151 1076 2191 Sextus.Aurelius
1101 2152 1236 2190 vietor.
1262 2149 1481 2202 Pomponius
1506 2151 1634 2190 Laetus.

535 2204 641 2253 Joan.
665 2206 769 2257 Bapt.
794 2206 934 2259 Egnatii
959 2206 1091 2244 Veneti
1122 2207 1154 2242 in
1181 2204 1325 2242 eosdem
1357 2205 1635 2244 Annotationes.

539 2282 584 2289 —
604 2258 690 2298 Des.
715 2259 850 2298 Erasmi
874 2259 981 2297 index
1004 2273 1078 2310 quo
1097 2258 1255 2296 obscurae
1274 2271 1386 2296 voces
1407 2259 1634 2309 explicantur.

533 2315 715 2365 Lugduni,
740 2313 774 2351 8.
791 2313 886 2365 apud
906 2311 1136 2350 Franciscum
1161 2311 1192 2349 le
1213 2311 1337 2350 Preux.
1367 2326 1391 2361 7
1418 2312 1506 2351 voll.

537 2375 721 2426 Lugdurn',
754 2374 788 2413 8.
822 2374 864 2412 In
900 2373 1105 2412 colleffione
1138 2373 1323 2411 auetorum
1347 2374 1634 2425 praecipuorum,

533 2431 593 2480 qui
616 2427 869 2468 Romanorum
891 2427 1154 2482 Imperatorum
1178 2429 1273 2467 vitas
1296 2426 1524 2480 scripserunt,
1539 2427 1633 2480 apud
