1637 2785
210 133 599 187 PERTtNAX
636 134 1100 182 ῙΜΡΕΗΑΤΟΚ.
1241 147 1328 198 129

46 261 205 296 ventre
230 244 519 310 prominulO,
545 243 702 288 statura
738 241 1048 303 imperatoria,
1071 239 1331 302 eloquentia

48 321 296 377 mediocri,
326 319 375 365 ὅ(
415 316 550 381 magi}
579 315 766 361 blandus
800 330 933 376 quam
967 313 1211 376 benignus,
1249 328 1334 360 nec

47 408 246 453 unquam
281 388 472 437 creditus
503 386 701 446 simplex.
730 387 783 430 Et
818 402 918 431 cum
956 386 1105 431 verbis
1136 387 1238 432 ess'et
1266 386 1334 432 af·

46 463 217 516 fabilis,
238 478 282 507 re
311 459 403 506 erat
433 459 658 505 illiberalis
687 474 737 503 ac
758 473 903 519 prope
934 455 1160 511 sordidus,
1180 470 1230 503 ut
1266 457 1335 502 di-

47 534 247 581 midiatas
278 534 464 579 laffizcas
502 533 549 578 &
580 531 770 578 carduos
805 531 850 576 in
887 530 1058 592 privata
1095 531 1183 576 vita
1219 547 1336 576 con-

49 608 172 655 vivis
197 622 475 670 apponeret:
507 609 555 653 &
574 641 589 663 ,
616 606 693 653 nisi
719 605 844 668 quod
883 604 1054 651 missum
1088 605 1191 651 effer
1224 606 1336 651 edu-

47 678 186 737 lium,
208 691 442 742 quotquot
474 679 609 725 effent
638 677 796 729 amici,
826 693 996 723 novem
1027 678 1162 724 libras
1191 678 1336 724 carnis

49 769 128 815 per
156 766 241 797 tres
269 750 419 797 miffus
444 750 656 812 ponebat.
688 748 718 795 s1
741 762 888 794 autem
919 749 1018 810 plus
1045 748 1213 810 aliquid
1237 747 1340 794 mis-

49 824 144 870 sum
185 823 314 879 esset,
346 823 478 869 etiam
519 823 566 868 in
606 823 741 868 alium
780 821 895 867 diem
938 820 1197 878 differebat,
1235 838 1339 868 cum

50 896 220 959 semper
252 896 307 942 ad
342 895 614 942 convivium
647 894 814 940 multos
855 907 1054 940 vocaret.
1090 897 1339 954 Imperator

50 969 209 1022 etiam,
238 969 268 1012 st
301 967 389 1013 sine
420 966 637 1013 convivis
668 965 800 1020 effet,
831 967 983 1012 eadem
1012 967 1340 1013 consuetudine

51 1039 310 1087 coenitabat.
338 1038 506 1085 Amicis
541 1038 570 1083 fi
601 1038 783 1100 quando
810 1037 863 1083 de
899 1036 1086 1099 prandio
1116 1037 1199 1083 suo
1233 1037 1344 1087 mit-t

52 1129 146 1160 tere
177 1112 325 1167 voluit
343 1147 356 1167 ,
376 1111 490 1162 misit
516 1111 676 1157 offulas
701 1112 824 1157 binas
841 1147 856 1168 ,
875 1124 950 1156 aut
981 1109 1118 1158 omasi
1143 1125 1341 1172 partem,

54 1187 295 1251 aliquando
326 1186 502 1232 lumbos
527 1184 811 1249 gallinaceos.
841 1183 1066 1230 Fafianum
1109 1200 1344 1246 nunquam

54 1261 238 1323 privato
271 1258 499 1307 convivio
537 1258 762 1314 comedit,
796 1270 869 1304 aut
899 1258 1029 1304 alicui
1061 1258 1188 1306 mifir.
1223 1261 1342 1307 Cum

54 1334 143 1380 fine
182 1333 334 1380 amicis
373 1346 599 1388 coenaret,
637 1332 877 1379 adhibebat
910 1349 1098 1378 uxorem
1140 1333 1259 1379 suam
1293 1337 1345 1383 δέ

56 1407 374 1461 Valerianum3
406 1420 454 1451 ut
481 1422 583 1453 cum
609 1405 768 1451 eodem
788 1439 802 1460 ‚
832 1405 908 1468 qui
939 1407 1183 1462 docuerat,
1211 1405 1344 1453 fabu-

56 1480 119 1527 las
138 1480 327 1526 literatas
349 1480 541 1526 haberet.
565 1480 677 1525 Sane
695 1479 867 1525 nullum
888 1472 1037 1536 exiis,
1060 1496 1175 1542 quos
1198 1481 1344 1528 Com·-

57 1553 219 1600 modus
243 1554 372 1598 rebus
399 1552 578 1615 agendis
606 1550 907 1612 imposuerat,
943 1553 1133 1597 mutavit
1152 1586 1164 1606 ,
1186 1554 1345 1615 exspe-

58 1626 179 1672 &ans
209 1625 342 1672 Urbis
374 1624 588 1678 natalem,
616 1624 740 1686 quod
767 1641 866 1670 eum
899 1624 1014 1670 diem
1046 1640 1189 1671 rerum
1221 1627 1345 1688 prin·

60 1697 227 1757 cipium
264 1697 447 1743 volebat
481 1695 589 1742 effe:
625 1709 757 1757 atque
791 1695 894 1742 ideo
928 1697 1060 1741 etiam
1097 1697 1142 1741 in
1175 1698 1347 1746 balneis

59 1769 100 1816 ei
121 1768 442 1816 Commodiani
465 1767 652 1813 ministri
673 1783 825 1813 necem
850 1767 1010 1828 paraffe
1030 1768 1253 1817 dicuntur.

126 1844 247 1889 X111.
270 1842 508 1902 imperium
536 1842 583 1888 &
610 1840 763 1886 omnia
791 1839 1037 1899 imperialia
1065 1839 1122 1886 fic
1143 1841 1348 1901 horruit,

63 1928 112 1962 ut
152 1915 230 1960 fibi
266 1921 436 1974 temper
472 1913 721 1957 ostenderet
756 1910 1000 1972 displicere.
1034 1911 1225 1973 deniqne
1252 1931 1347 1961 non
1380 1964 1387 1972 ,

64 1987 199 2033 alium
230 1986 271 2031 se
290 2020 302 2041 ,
335 2001 470 2046 quam
491 1983 662 2039 fuerat,
687 1982 830 2037 videri
859 1983 1058 2029 volebat.
1083 1984 1179 2042 Fuit
1199 1986 1243 2030 in
1265 2004 1349 2034 cu-

66 2060 131 2106 ria
170 2057 671 2114 honorificentiffimus‚
696 2056 752 2102 ita
794 2069 841 2102 ut
873 2058 1080 2103 Senatum
1118 2056 1348 2108 faventem

67 2133 298 2187 adoraret,
317 2132 365 2177 ὅ(
386 2131 504 2194 quast
528 2130 760 2177 Praefectus
782 2130 895 2177 Urbi
915 2147 1015 2176 cum
1036 2133 1245 2178 omnibus
1265 2134 1351 2180 ser-

68 2219 251 2250 monem
283 2203 579 2264 participaret.
600 2203 764 2248 Voluit
793 2204 924 2248 etiam
948 2202 1187 2263 imperium
1210 2205 1353 2266 depo-

20 2293 25 2298 ‘
72 2294 204 2332 nere,
235 2288 365 2337 atque
398 2280 453 2321 ad
485 2276 706 2338 privatam
737 2275 876 2321 vitam
904 2275 1062 2320 redire.
1087 2276 1223 2323 Filios
1252 2277 1354 2326 suos}

71 2350 115 2395 in
138 2345 307 2392 Palatio
334 2346 491 2408 nutriri
516 2348 676 2394 noluit.
697 2348 807 2392 Tam
839 2363 1000 2408 parcus
1022 2360 1167 2392 autem
1195 2352 1239 2394 &
1264 2362 1351 2396 tam
1380 2344 1382 2347 ’

75 2414 188 2466 lucri
218 2418 402 2476 cupidus
433 2419 545 2479 fuit,
570 2435 618 2468 ut
648 2421 763 2484 apud
793 2422 905 2472 vada
934 2420 1106 2466 Sabatia
1138 2437 1356 2478 mercatuff

175 2494 348 2554 Scriptc.
382 2490 444 2541 Η
471 2498 532 2543 A.
1052 2493 1073 2539 I
