1714 2807
341 203 432 248 252
566 177 927 227 FLAV11
993 167 1425 219 VOPISCI

343 291 569 341 Valeriani
594 289 856 354 captivitate
876 285 1068 341 deleret;
1086 284 1219 342 alter,
1238 281 1314 345 qui
1335 280 1503 327 Gallias
1524 279 1617 325 Ro-

342 366 484 414 manis
529 364 701 426 legibus
741 361 959 407 redderet.
1006 359 1219 418 Quatuor
1255 354 1354 401 sane
1394 350 1622 413 Principes

343 438 529 496 mundi,
548 437 714 494 fortes,
738 435 980 497 sapientes,
1002 430 1211 493 benigni,
1227 431 1275 476 &
1303 415 1543 473 admodum
1565 423 1623 468 li-

342 513 512 561 berales
526 547 540 567 ‚
558 526 696 557 unum
715 507 761 554 in
787 506 1017 569 republica
1038 504 1293 549 sentientes:
1316 513 1526 560 praeterea
1545 497 1625 541 Se-

344 599 473 633 natus
499 582 696 631 Romani
729 579 976 636 moderati,
1003 577 1180 639 populo
1218 572 1372 628 amici,
1408 568 1624 632 potestate

345 674 531 722 graves,
556 655 766 718 religioli‚
799 656 847 700 &
876 651 1026 714 quales
1058 647 1286 708 Principes
1315 646 1485 704 semper
1518 657 1626 688 ora-

345 732 521 776 vimus:
546 745 742 791 quornm
772 726 909 770 vitam
944 720 1120 785 lingulis
1146 718 1270 764 libris
1298 714 1514 762 Claudius
1540 715 1628 759 Eu·

345 803 570 857 sthenius,
591 800 667 862 qui
690 796 985 845 Diocletiano
1009 793 1064 839 ab
1088 789 1284 854 epistolis
1302 787 1412 842 fuit,
1437 785 1628 847 scripfit:

348 875 473 937 quod
499 873 670 920 idcirco
704 869 824 924 dixi,
848 884 904 915 ne
931 866 1030 929 quis
1058 882 1081 911 a
1110 879 1180 910 me
1210 875 1372 908 tantam
1394 875 1484 904 rem
1510 872 1631 920 quae-

348 960 494 1004 reret,
522 945 715 992 maxime
753 959 856 989 cum
885 941 961 987 vel
998 938 1212 985 vivorum
1240 933 1501 995 Principum
1538 929 1632 977 vita

350 1036 443 1067 non
468 1019 555 1064 fine
583 1015 928 1077 reprehensione
955 1010 1140 1058 dicatur.

426 1093 589 1140 XVlll.
616 1087 912 1136 Memorabile
937 1083 1191 1131 maxime&
1218 1078 1372 1128 Carini
1394 1079 1442 1125 &
1459 1076 1633 1122 Nume-

351 1165 466 1212 riani
485 1166 573 1211 hoc
593 1162 749 1209 habuit
767 1159 1002 1221 imperium
1018 1194 1031 1213 ‚
1049 1155 1173 1218 quod
1194 1144 1324 1200 ludos
1345 1150 1518 1214 populo
1539 1149 1636 1192 Ro-

353 1254 518 1294 man0‚
548 1234 685 1282 novis
717 1246 905 1280 ornatos
934 1227 1218 1292 spefiiacnlss,
1250 1226 1488 1275 dederunt,
1519 1235 1635 1281 quos

354 1312 401 1358 in
435 1310 605 1356 Palatio
637 1309 756 1356 circa
791 1304 1016 1368 porticum
1054 1300 1210 1348 stabuli
1249 1298 1390 1361 pi&os
1423 1293 1636 1342 vidimus.

354 1387 467 1433 Nam
490 1386 538 1431 &
567 1382 840 1429 neurobaten
859 1415 871 1434 ‚
892 1376 970 1440 qui
996 1374 1122 1423 velut
1149 1372 1194 1418 in
1221 1370 1369 1418 ventis
1389 1368 1638 1415 cothurna-

357 1471 429 1506 tus
454 1457 667 1514 ferretur,
693 1453 920 1508 exhibuit,
952 1452 1000 1497 ὅ(
1027 1446 1287 1494 tichobaten
1304 1479 1318 1501 ‚
1345 1441 1423 1504 qui
1453 1456 1531 1502 per
1557 1454 1638 1499 pa—

358 1530 515 1578 rietem
537 1528 640 1576 urso
667 1525 790 1572 eluso
817 1520 1016 1570 cucurrit
1032 1556 1044 1576 ,
1069 1520 1118 1565 &
1141 1516 1266 1564 ursos
1291 1515 1475 1561 mimum
1502 1527 1639 1573 agen-

358 1617 425 1651 tes
442 1639 455 1661 ,
471 1605 520 1650 &
539 1603 644 1649 item
667 1611 847 1646 centum
872 1593 1059 1656 salpistas
1076 1606 1170 1636 uno
1198 1588 1371 1650 crepitu
1392 1582 1640 1632 concinen-

360 1687 442 1732 teS‚
458 1678 507 1723 δι
529 1689 707 1722 centum
726 1667 1013 1732 camptaula3‚
1032 1662 1264 1711 choraulas
1283 1671 1461 1707 centum
1477 1691 1490 1714 ,
1510 1654 1642 1701 etiam

362 1748 580 1811 pithaulas
612 1758 819 1799 centum,
851 1737 1155 1804 pantomimos
1190 1734 1239 1780 δι
1273 1729 1514 1795 gymnicos
1541 1724 1643 1772 mil-

361 1822 431 1879 le,
461 1835 615 1883 pegma
647 1829 889 1880 praeterea,
922 1809 1050 1872 cujus
1084 1805 1274 1854 flammis
1314 1803 1440 1849 scena
1468 1797 1643 1848 confla-

364 1893 534 1956 gravit,
553 1907 683 1953 quam
705 1885 1021 1935 Diocletianus
1039 1880 1187 1944 postea
1210 1872 1642 1939 magnificentiorem

366 1964 571 2011 reddidit.
607 1961 775 2007 Mimos
806 1970 1016 2019 praeterea
1047 1950 1248 2012 undique
1277 1944 1531 1994 advocavit.
1553 1945 1643 1988 Ex-

365 2036 513 2084 hibuit
541 2037 589 2082 &
609 2034 761 2080 ludum
782 2030 1069 2077 Sarmaticum
1086 2061 1098 2082 ,
1117 2038 1210 2087 quo
1239 2020 1410 2067 dulcius
1439 2015 1550 2062 nihil
1569 2012 1644 2059 est.

368 2108 582 2157 Exhibuit
615 2105 888 2170 Cyclopem.
932 2102 1166 2148 Donatum
1200 2093 1261 2140 est
1290 2093 1339 2139 δι
1368 2087 1538 2136 Graecis
1573 2101 1646 2131 ar·

370 2182 591 2240 tificibus,
616 2182 665 2228 &
694 2176 917 2243 gymnicis
935 2211 947 2233 ,
970 2177 1018 2222 Sc
1042 2168 1358 2223 histrionibus,
1377 2165 1426 2210 δι
1442 2159 1646 2218 muficis,

371 2273 524 2305 aurum
548 2257 596 2303 &
619 2264 848 2317 argentum
865 2286 879 2308 ,
899 2249 1063 2294 donata
1083 2246 1132 2292 &
1152 2241 1285 2288 vestis
1308 2237 1452 2285 serica.

437 2330 562 2377 XtX.
593 2328 676 2374 Sed
711 2329 808 2373 haec
839 2323 1018 2378 omnia,
1054 2317 1203 2365 nescio
1233 2325 1448 2377 quantum
1477 2307 1531 2354 ad
1561 2322 1649 2368 po-

374 2405 529 2468 pulum
556 2401 707 2465 gratiae
739 2398 955 2455 habeant,
979 2393 1144 2440 nullius
1174 2402 1291 2437 certe
1322 2386 1420 2433 sunt
1444 2395 1651 2428 momen-

375 2476 409 2525 ti
438 2475 554 2539 apud
585 2471 813 2536 Principes
843 2470 1005 2518 bonos.
1027 2457 1321 2537 *Diocletiani
1359 2453 1550 2516 denique
1581 2449 1651 2497 di-
