1714 2807
302 174 369 206 zo
550 159 1301 208 JUL‘II‘CAPITOLINI

298 265 380 310 bus
412 264 606 326 populus
642 280 766 327 paene
811 265 1123 324 consenserat,
1160 266 1238 312 nist
1286 265 1579 328 Menophilus¹

296 353 400 382 cum
433 337 607 405 collega
636 337 875 393 restitisset,
900 339 1049 386 dicens
1067 376 1078 394 ‚
1105 341 1234 386 etiam
1266 341 1416 387 Deum
1451 340 1575 386 Bele-

294 428 403 456 num
433 428 512 473 per
539 410 788 473 haruspices
817 412 1126 474 spopondisse,
1159 413 1456 459 Maximinum
1491 412 1575 457 efl'e

295 483 589 531 vincendum.
625 485 756 531 Unde
792 484 922 532 etiam
957 485 1106 546 postea
1145 484 1380 531 Maximini
1411 483 1575 529 milites

295 553 468 614 jassaffe
504 555 750 610 dicuntur,
790 555 1045 617 Apollinem
1077 570 1235 602 contra
1264 555 1304 601 se
1341 555 1575 618 pugnasse,
1611 574 1618 579 ·

294 644 380 675 nec
400 627 519 675 illam
547 629 734 675 Maximi
764 642 837 674 aut
865 630 1076 683 Senatus,
1106 629 1178 674 sed
1209 630 1413 675 Deorum
1447 628 1574 675 fuisse

295 700 548 747 vissoriam.
583 702 726 761 Quod
752 701 929 762 quidem
959 699 1128 746 idcirco
1155 701 1209 745 ab
1228 701 1294 745 his
1323 701 1469 746 siclum
1490 699 1574 746 effe

295 773 455 819 dicunt
477 808 490 829 ‚
516 774 640 836 quod
669 772 1014 830 erubescebant,
1043 785 1235 819 armatos
1277 771 1316 817 se
1359 788 1482 833 paene
1519 771 1576 818 ab

293 845 541 893 inermibus
569 846 727 894 viclos.
751 848 895 892 Ponte
928 846 1074 909 itaque
1102 847 1232 909 ,cupis
1253 845 1369 893 fafilo
1388 882 1399 902 ,
1429 844 1574 892 Maxi-

293 919 445 966 minus
466 919 654 966 ssuvium
683 919 914 977 transivit,
941 922 988 967 &
1008 921 1061 966 de
1086 920 1298 983 proximo
1327 917 1573 982 Aquileiam

293 993 498 1039 obsidere
526 993 683 1054 coepit.
709 995 871 1056 Ingens
892 1005 1035 1039 autem
1058 994 1340 1056 oppugnatio
1359 995 1406 1040 &
1425 991 1575 1038 discri-

293 1080 397 1109 men
432 1076 538 1109 tunc
576 1063 687 1119 fuit,
712 1080 812 1110 cum
843 1063 884 1110 se
919 1064 1044 1112 cives
1077 1064 1238 1111 sulfure
1271 1066 1319 1112 δι
1353 1063 1578 1120 flammis,

294 1136 541 1199 ceterisque
563 1135 819 1197 hujusmodi
847 1138 1191 1200 propugnaculis
1213 1155 1235 1183 a
1265 1137 1477 1183 militibus
1499 1136 1575 1182 de-

293 1207 550 1254 fenderent:
579 1223 776 1269 quorum
803 1209 877 1253 alii
901 1210 1184 1254 nudabantur
1201 1208 1357 1264 armis,
1379 1206 1572 1253 aliorum

294 1283 439 1328 velles
466 1281 844 1337 incendebantur,
867 1282 1056 1326 aliorum
1085 1281 1207 1327 oculi
1230 1280 1572 1342 exstingueban-

293 1368 399 1410 tur,
427 1353 714 1404 diruebantur
754 1352 882 1399 etiarn
922 1343 1285 1399 machinamenta.
1320 1356 1441 1398 inter
1477 1352 1572 1397 haec

292 1426 570 1475 Maximinus
603 1442 705 1472 cum
736 1424 835 1471 filio
863 1425 941 1471 suo
971 1426 1275 1483 adolescente,
1304 1442 1435 1488 quem
1467 1425 1581 1471 Cae-

290 1501 432 1548 ¹sarem
465 1498 794 1561 appellaverat,
822 1498 1059 1545 circumire
1087 1515 1239 1544 muros
1260 1533 1273 1553 ‚
1304 1510 1518 1561 quantum
1547 1511 1572 1542 a

293 1574 373 1622 teli
409 1573 524 1633 jactu
558 1572 656 1619 satis
685 1584 803 1618 tutus
841 1572 926 1618 effe
962 1572 1134 1634 posset,
1165 1589 1284 1619 nunc
1310 1571 1394 1618 suis
1421 1570 1571 1618 verbis

294 1647 484 1703 milites,
504 1661 623 1691 nunc
649 1645 902 1706 oppidanos
929 1661 1101 1708 rogare.
1132 1661 1287 1691 verum
1319 1643 1428 1690 nihil
1461 1659 1571 1706 pro-

294 1720 414 1766 fecit.
434 1735 536 1765 nam
566 1718 702 1763 multa
721 1720 768 1763 ὅε
792 1717 835 1762 in
863 1734 960 1762 eum
983 1716 1255 1763 crudelitatis
1286 1714 1439 1773 causa,
1457 1715 1571 1762 &in

294 1791 463 1847 filium,
478 1791 554 1853 qui
570 1789 897 1850 =.'”peci0s1ffimus
916 1804 1025 1848 erat,
1049 1790 1212 1850 probra
1234 1788 1439 1850 congesta
1457 1788 1569 1835 sunt.

362 1866 525 1912 XXlll.
545 1866 701 1924 Quare
722 1863 1018 1920 Maximinus,
1043 1865 1217 1925 sperans
1247 1862 1424 1908 suorum
1448 1860 1569 1924 igna-

294 1940 372 1985 via
393 1938 557 1984 bellum
584 1937 723 1993 trahi,
743 1938 878 1983 duces
909 1937 1010 1983 suos
1038 1936 1290 1990 interemit,
1313 1951 1368 1980 eo
1390 1948 1568 1996 tempo·

294 2029 344 2058 re
362 2047 375 2068 ,
396 2026 487 2072 quo
507 2009 689 2055 minime
722 2009 986 2069 oportebat:
1014 2008 1131 2054 unde
1158 2007 1234 2052 libi
1256 2007 1415 2052 milites
1437 2006 1567 2052 etiam

296 2084 502 2130 iratiores
529 2081 731 2127 reddidit.
752 2083 854 2127 Huc
872 2080 1136 2136 accedebat,
1155 2079 1279 2142 quod
1304 2077 1568 2126 deficiebant

297 2168 572 2204 commeatus
598 2189 611 2210 ,
647 2154 750 2216 quia
792 2156 973 2200 Senatus
1011 2154 1064 2198 ad
1106 2169 1263 2200 omnes
1308 2152 1567 2214 provincias

296 2232 344 2275 ιδ’(
389 2241 600 2289 portuum
636 2226 839 2273 custodes
879 2225 1025 2270 literas
1073 2226 1282 2283 dederat,
1311 2241 1366 2271 ne
1399 2224 1566 2287 aliquid

295 2317 625 2348 commeatuum
646 2301 692 2346 in
722 2299 954 2347 Maximini
985 2300 1240 2360 potestatem
1271 2298 1458 2346 veniret.
1479 2297 1566 2343 Mi-

300 2376 408 2421 serat
443 2388 654 2436 praeterea
689 2390 766 2435 per
805 2389 962 2420 omnes
1003 2371 1206 2418 civitates
1240 2370 1476 2433 praetorios
1516 2371 1564 2416 &

295 2448 560 2511 quaestorios
590 2447 738 2507 viros,
764 2446 840 2510 qui
867 2446 1033 2509 ubique
1058 2444 1279 2493 custodias
1299 2448 1569 2508 agerent,&.
1628 2502 1634 2514 .
