1637 2785
325 131 646 178 SEVERUS
693 131 1140 177 IMPERATOR.
1296 138 1384 194 153

100 239 152 288 δέ
174 236 263 302 ipse
284 238 535 285 succederet
552 237 595 284 in
621 236 831 298 imperio.
859 237 1011 299 Aliqui
1033 249 1189 299 putant
1214 236 1388 284 idcirco

97 309 226 356 illum
247 308 526 356 Antoninum
553 308 823 368 appellatum
841 343 854 364 ‚
878 309 1003 370 quod
1019 310 1210 356 Severus
1232 308 1320 369 ipse
1338 308 1388 354 in

98 381 240 428 Marci
270 380 480 426 familiam
506 380 687 427 transire
714 379 928 427 voluerit.
960 380 1014 425 Et
1035 381 1183 442 primo
1207 381 1391 444 quidem

98 454 155 501 ab
175 452 427 500 Albinianis
441 452 594 501 Severi
614 452 748 499 duces
764 452 870 498 vieti
885 452 1000 500 sunt.
1015 452 1148 499 Tunc
1172 452 1394 500 sollicitus

97 543 200 574 cum
232 526 485 574 consuleret
505 543 530 573 a
558 525 857 572 Pannoniacis
879 525 1142 588 auguribus,
1167 525 1389 586 comperit

98 599 141 646 se
173 599 387 647 vietorem
418 599 648 657 futurum,
672 598 976 646 adversarium
1000 615 1114 646 vero
1135 615 1218 645 nec
1238 598 1283 644 in
1306 615 1390 661 po-

97 672 293 719 testatem
314 683 558 719 venturum
573 708 587 730 ‚
605 688 687 719 nec
705 671 943 719 evasurum
958 707 971 729 ,
989 671 1061 718 sed
1080 667 1207 732 juxta
1229 687 1391 733 aquam

97 745 184 793 effe
212 746 476 810 periturum.
504 745 638 792 Multi
674 745 814 793 statim
853 745 986 793 amici
1017 745 1232 792 Albinum
1264 744 1389 790 dese-

98 832 245 866 rentes
273 834 439 865 venere
455 853 468 875 ‚
492 817 620 864 multi
646 817 780 864 duces
813 817 932 881 capti
961 817 1087 874 sunt3
1111 817 1157 864 in
1180 832 1295 881 quos
1314 817 1390 864 Se-

99 907 237 939 verus
270 890 599 940 animadvertit.
1024 938 1027 943 ,

162 965 242 1010 Xl.
275 964 430 1010 Multis
462 963 637 1010 interIm
665 964 792 1011 varie
821 963 950 1027 gestis
970 963 1017 1010 in
1048 962 1217 1020 Gallia,
1239 961 1393 1025 primo

97 1036 216 1097 apud
236 1035 518 1082 Trinurtium
538 1048 698 1083 contra
721 1036 936 1082 Albinum
955 1035 1200 1083 felicissime
1222 1053 1391 1097 pugna-

98 1107 168 1154 vit
186 1108 394 1154 Severus.
416 1123 516 1155 cum
541 1106 722 1171 quidem
742 1108 898 1171 ingens
924 1107 1170 1169 periculum
1193 1107 1295 1169 equi
1317 1123 1391 1153 ca-

97 1177 149 1226 su
179 1179 310 1236 adiit,
334 1180 393 1226 ita
427 1192 475 1226 ut
504 1193 709 1226 mortuus
741 1180 826 1226 ietu
855 1180 1076 1243 plutnbeae
1107 1181 1395 1237 crederetur,

98 1249 160 1297 ita
185 1263 232 1297 ut
254 1251 365 1298 alius
387 1251 471 1312 jam
495 1268 625 1313 paene
650 1255 898 1313 Imperator
928 1253 983 1298 ab
1003 1251 1202 1298 exercitu
1225 1252 1391 1314 delige-

96 1337 235 1373 retur.
258 1327 325 1373 Eo
353 1339 557 1387 tempore
585 1326 707 1374 lectis
730 1326 862 1384 affls,
889 1344 990 1390 quae
1016 1328 1069 1373 de
1093 1327 1260 1373 Clodio
1281 1326 1391 1373 Cel-

98 1397 197 1445 sino
224 1399 475 1455 laudando,
497 1401 574 1464 qui
613 1401 965 1456 Adrumetinus,
989 1401 1036 1448 &
1065 1401 1207 1447 affinis
1236 1398 1390 1446 Albini

97 1482 218 1528 erat,
240 1469 351 1517 faita
378 1471 508 1528 sunt,
533 1472 668 1518 iratus
694 1472 873 1518 Senatui
899 1474 1089 1519 Severus
1108 1507 1121 1529 ‚
1149 1472 1266 1534 quasi
1298 1472 1391 1518 hoc

99 1544 275 1592 Albino
303 1547 488 1593 Senatus
519 1546 808 1608 praestitisset,
829 1546 1137 1592 Commodum
1161 1544 1276 1590 inter
1299 1545 1391 1591 Di-

101 1632 189 1664 vos
216 1617 498 1665 referendum
531 1619 614 1664 effe
649 1618 851 1676 censuit,
883 1620 1002 1681 quali
1032 1620 1123 1665 hoc
1152 1635 1309 1681 genere
1347 1618 1392 1666 se

99 1688 155 1734 de
188 1689 351 1737 Senatu
392 1690 533 1752 poffet
571 1691 753 1738 ulcisci:
785 1690 1039 1753 primusque
1077 1692 1194 1737 inter
1227 1690 1392 1738 milites

100 1762 271 1807 Divum
301 1762 609 1809 Commodum
641 1763 977 1824 pronuntiavit,
1009 1763 1141 1825 idque
1172 1762 1225 1808 ad
1250 1763 1389 1808 Sena-

99 1844 194 1880 tum
225 1833 424 1896 scripsit,
456 1834 603 1881 addita
633 1834 841 1881 oratione
874 1835 1091 1882 victoriae.
1120 1837 1390 1882 Senatorum

100 1903 290 1963 deinde,
312 1905 388 1969 qui
411 1906 456 1952 in
481 1907 602 1954 bello
619 1920 741 1954 erant
762 1908 988 1954 interemti
1007 1943 1021 1966 ‚
1039 1909 1251 1955 cadavera
1272 1907 1391 1955 d3ffi÷

99 1977 196 2040 pari
222 1978 355 2039 juffit.
383 1979 565 2027 Deinde
598 1980 750 2028 Albini
777 1997 973 2042 corpore
993 1981 1156 2039 allam,
1178 1998 1302 2044 paene
1323 1981 1389 2028 se-

97 2051 288 2100 minecis
317 2067 450 2116 caput
479 2054 676 2103 abscindi
703 2055 848 2117 justit,
872 2056 1156 2120 Romamque
1188 2055 1348 2103 deferri
1369 2074 1389 2112 ς,

99 2125 238 2189 idque
268 2126 404 2174 literis
433 2129 695 2191 prosecutus
724 2130 797 2177 est.
820 2130 976 2178 Victus
1009 2129 1070 2178 est
1097 2131 1286 2178 Albinus
1317 2130 1392 2177 die

102 2197 341 2246 undecima
366 2200 590 2248 Kalendas
618 2201 784 2248 Martii.
816 2202 1056 2266 Reliquum
1085 2216 1233 2250 autem
1254 2203 1390 2249 cada-

101 2285 187 2316 ver
216 2267 312 2330 ejus
341 2285 443 2318 ante
476 2273 663 2319 domum
695 2274 924 2336 propriam
963 2273 1133 2336 exponi
1162 2290 1213 2321 ac
1243 2272 1390 2321 dividi

100 2339 231 2403 justit.
259 2343 433 2405 Equum
469 2359 708 2406 praeterea,
730 2344 823 2408 ipse
853 2346 1043 2393 residens
1061 2382 1075 2404 ‚
1105 2346 1231 2408 supra
1259 2346 1389 2393 cada-

103 2430 187 2465 ver
213 2414 370 2470 Albini
399 2417 520 2487 egit5
550 2419 1017 2486 expavescentemque
1052 2420 1315 2480 admonuit,
1338 2431 1389 2470 ut

973 2493 1021 2540 K
1054 2511 1086 2554 4
