1637 2785
332 123 652 169 SEVERUS
688 123 1134 170 IMPERATOR.
1294 140 1374 187 153

105 230 344 278 Lustralem
364 267 376 285 ‚
394 229 572 276 Fabium
589 229 818 276 Paulinum
837 265 850 284 ‚
865 230 1068 276 Nonium
1097 230 1355 278 Gracchum
1368 265 1382 287 ,

107 304 318 349 Mustium
350 303 585 348 Fabianum
605 336 619 359 ‚
652 302 913 364 Casperium
947 305 1271 365 Agrippinum,
1296 305 1382 351 Ce-

105 377 281 437 jonium
314 379 524 423 Albinum
544 412 557 432 ‚
588 376 826 422 Claudium
864 376 1200 438 Sulpicianum,
1238 379 1383 423 Mern-

106 451 245 496 mium
291 447 533 503 Rufinum,
573 447 827 508 Casperium
864 448 1174 504 AEmilianum‚
1206 451 1384 496 Cocce-

105 522 198 582 jum
233 523 399 567 Verum
418 557 430 576 ‚
460 521 670 567 Erucium
690 519 870 566 Clarum
885 555 900 579 ‚
921 520 1107 567 Lucium
1137 521 1354 568 Stilonem
1369 557 1383 581 ‚

107 591 321 639 Clodium
366 591 563 648 Rufum,
595 590 906 653 Egnatuleium
954 593 1274 650 Honoratum,
1306 595 1386 640 Pe-

108 664 305 711 tronium
326 665 554 712 Juniorem
570 681 582 721 ;
597 664 862 712 Pescennios
875 700 888 722 ‚
905 665 1075 711 Festum
1091 701 1102 718 ,
1121 667 1166 712 &
1184 666 1384 713 Neratia-

107 754 239 795 num,
256 739 304 785 &
323 738 634 794 Aurelianum,
654 739 702 786 ὃ(
722 738 1016 784 Materianum
1032 773 1044 795 ,
1067 739 1115 785 &
1135 739 1356 785 Julianum
1371 774 1386 798 ‚

107 813 159 857 &
172 810 410 867 Albinum;
428 810 661 864 Cerellios.
679 811 951 868 Macrinum,
969 814 1014 858 &
1034 811 1386 870 Faustinianum,

109 888 158 932 δε
177 886 422 942 Julianum3
449 886 726 932 Herennium
757 887 1008 947 Nepotem,
1027 885 1264 948 Sulpitium
1297 890 1387 935 Ca·

108 976 215 1005 num
228 994 243 1016 ,
260 959 488 1005 Valerium
513 960 771 1006 Catulinum
786 995 800 1018 ,
821 959 1026 1006 Novium
1047 960 1234 1016 Rufum,
1253 961 1386 1008 Clau-

110 1031 233 1078 dium
250 1032 758 1088 Arabianum‚Marcum
786 1032 1073 1081 Asellionem.
1100 1036 1276 1080 Horum
1307 1034 1389 1098 igi-

109 1115 184 1152 tur
208 1117 436 1152 tantorum
459 1122 509 1151 ac
529 1120 617 1151 tam
636 1105 872 1153 illustrium
901 1106 1103 1154 virorum
1127 1106 1254 1172 (nam
1274 1109 1389 1155 mul-

110 1180 145 1225 ti
170 1179 216 1226 in
243 1179 310 1228 his
349 1179 632 1238 consulares,
661 1180 788 1226 multi
818 1180 1018 1243 praetorii
1039 1217 1053 1239 ,
1081 1198 1238 1228 omnes
1269 1195 1388 1230 certe

109 1250 267 1314 summi
289 1251 376 1298 viri
395 1251 543 1315 fuere)
563 1252 846 1310 interfector,
871 1254 926 1300 ab
947 1252 1067 1300 Afris
1088 1267 1138 1300 ut
1157 1256 1285 1301 Deus
1308 1256 1387 1302 ha-

110 1326 254 1372 betur.
277 1324 484 1372 Cincium
512 1327 726 1372 Severum
761 1326 1058 1373 calumniatus
1082 1327 1170 1386 est,
1191 1328 1315 1392 quod
1348 1328 1388 1375 se

114 1413 295 1444 veneno
314 1396 566 1458 appetisset,
587 1410 718 1459 atque
741 1397 800 1444 ita
824 1398 1059 1445 interfecit.

179 1471 305 1517 XIV.
330 1469 576 1516 Narcissum
604 1470 762 1516 deinde
778 1506 792 1527 ‚
819 1470 1066 1524 Commodi
1091 1470 1389 1533 strangulato-

112 1557 230 1598 rem,
256 1542 459 1589 leonibus
484 1541 666 1603 objecit.
689 1543 862 1589 Multos
887 1559 1098 1605 praeterea
1124 1543 1301 1589 obscuri
1321 1543 1390 1590 lo-

112 1614 154 1662 ci
180 1615 384 1661 homines
408 1614 655 1672 interemit,
682 1626 842 1676 praeter
872 1631 950 1661 eos
967 1649 978 1668 ‚
998 1631 1114 1678 quos
1144 1614 1216 1677 jus
1241 1615 1390 1677 proelii

112 1684 331 1732 absumsit.
354 1684 453 1731 Post
481 1685 601 1740 haec,
623 1701 725 1730 cum
747 1683 788 1730 se
818 1684 955 1735 vellet
974 1685 1286 1732 commendare
1308 1686 1391 1731 ho-

112 1758 334 1815 minibus,
364 1756 687 1805 vehicularium
712 1774 872 1804 munus
899 1774 923 1803 a
948 1758 1133 1819 privatis
1160 1759 1214 1804 ad
1241 1757 1391 1804 fiscum

112 1834 322 1881 traduxit.
356 1833 572 1881 Caesarem
611 1832 769 1879 deinde
805 1832 1047 1878 Bassianum
1082 1831 1222 1877 filium
1265 1833 1390 1878 suum

112 1906 398 1954 Antoninum
423 1924 446 1952 a
476 1908 638 1952 Senatu
669 1907 879 1969 appellari
911 1906 1054 1965 juffit‚
1078 1907 1267 1953 decretis
1302 1908 1391 1953 Im-

112 1979 350 2041 peratoriis
380 1979 635 2042 insignibus.
664 1980 864 2025 Rumore
894 1979 1055 2025 deinde
1085 1979 1190 2025 belli
1219 1980 1391 2025 Parthi-

114 2052 158 2099 ci
194 2053 438 2110 εκίὶὶηξὶο,
474 2053 616 2115 patri,
651 2053 810 2108 matri,
843 2070 961 2110 avo,
993 2053 1043 2099 &
1080 2051 1215 2098 uxori
1251 2051 1394 2113 priori

113 2141 195 2189 per
232 2126 272 2172 se
301 2125 461 2171 statuas
496 2124 758 2173 collocavit.
788 2125 1069 2171 Plautianum
1097 2140 1153 2171 ex
1185 2124 1394 2171 amicifii·

114 2216 218 2254 mc,
248 2199 426 2262 cognita
456 2199 549 2260 ejus
572 2199 695 2257 vita,
715 2200 775 2245 ita
805 2200 914 2246 odio
945 2198 1128 2258 habuit,
1151 2212 1199 2244 ut
1225 2201 1274 2247 &
1305 2200 1392 2245 ho-

114 2267 220 2319 stem
242 2270 470 2333 publicum
494 2272 757 2332 appellaret,
780 2271 829 2318 &
844 2306 856 2326 ,
875 2271 1084 2333 depositis
1102 2271 1249 2316 statuis
1270 2269 1364 2329 ejus
1378 2305 1392 2328 ,

115 2361 195 2408 per
219 2346 374 2390 orbem
400 2359 524 2390 terrae
550 2342 677 2407 gravi
709 2361 813 2409 eum
836 2344 1064 2407 insigniret
1092 2342 1278 2403 injuria3
1303 2342 1394 2388 ira-

115 2430 185 2468 tus
212 2419 461 2482 praecipue,
489 2418 612 2482 quod
637 2417 756 2465 inter
794 2418 1189 2482 proquinquorum
1217 2418 1266 2465 &
1299 2416 1390 2464 affi-
