1714 2807
337 123 366 171 8
529 128 1400 193 AELIISPARTIANI

334 232 612 290 exarmavit3
647 237 815 286 Martio
852 239 1288 300 Turbone‚rJudaeis
1315 255 1573 316 compreffis
1597 291 1614 316 ‚

333 301 389 347 ad
419 302 758 364 deprimendum
789 312 1028 360 tumultum
1068 317 1352 369 Mauritaniae
1382 324 1614 374 destinato.

331 373 436 420 Post
469 375 557 424 hoc
577 380 819 429 Antiochia
848 384 1057 447 digressus
1077 389 1136 435 est
1155 391 1209 436 ad
1230 391 1522 456 inspiciendas
1545 416 1614 449 re-

330 445 493 509 liquias
522 453 731 512 Traiani,
754 472 861 518 quas
890 459 1118 520 Attianus,
1139 464 1314 513 Plotina
1343 471 1412 517 διχ
1430 473 1614 519 Matidia

331 519 604 570 deferebant.
628 526 806 585 Quibus
829 532 1025 593 exceptis
1048 535 1096 582 &
1120 539 1226 583 navi
1246 540 1436 588 Romam
1466 545 1612 591 dimis-

328 591 408 651 ᾗς,
432 593 523 656 ipse
550 600 838 647 Antiochiam
860 607 1066 667 regressus
1081 645 1094 664 ,
1115 613 1445 678 praepositoque
1465 619 1610 681 Syriae

329 664 497 712 Catilio
526 669 724 727 Severo,
746 689 823 733 per
854 676 1086 740 Illyricum
1119 683 1311 731 Romam
1338 688 1480 736 venit.

395 740 471 785 Vt.
496 740 696 801 Traiano
718 744 904 795 divinos
929 750 1155 810 honores,
1179 756 1290 804 datis
1311 761 1364 805 ad
1384 761 1609 822 senatum,

328 812 379 859 &
400 814 577 875 quidem
601 820 956 883 accuratissimis,
980 825 1115 873 literis
1136 829 1406 890 postulavit,
1427 836 1474 883 δε
1496 853 1610 883 cun·

328 884 406 930 &is
441 888 699 937 volentibus
741 894 929 951 meruit,
962 896 1020 942 ita
1049 912 1095 944 ut
1119 900 1294 949 senatus
1324 906 1488 964 multa,
1509 925 1609 971 quae

326 957 579 1008 Hadrianus
607 979 701 1008 non
729 965 1061 1026 postulaverat,
1089 971 1134 1018 in
1169 974 1388 1023 honorem
1424 979 1609 1042 Trajani

324 1030 485 1093 sponte
511 1035 783 1086 decerneret.
805 1042 920 1088 Cum
951 1045 1006 1090 ad
1037 1045 1232 1094 senatum
1258 1049 1492 1112 scriberet,
1526 1072 1608 1103 vc·

303 1160 305 1163 Ι
323 1106 444 1152 niam
468 1108 620 1168 petiit,
637 1116 750 1172 quod
765 1117 813 1159 de
832 1117 1092 1179 imperiosuo
1106 1121 1317 1176 judicium
1328 1127 1505 1186 senatui
1521 1140 1608 1176 rum

323 1179 516 1242 dedzffit:
539 1183 761 1241 salutatus
780 1188 941 1245 scilicet
961 1210 1205 1253 praepropere
1235 1217 1262 1240 a
1300 1201 1500 1247 militibus
1524 1205 1607 1247 im-

321 1270 511 1312 perator,
530 1260 643 1315 quod
656 1256 730 1319 cſj'e
751 1261 1078 1327 r‘qspubr'z'casz'rze
1098 1269 1336 1326 imperatore
1360 1289 1445 1316 non
1460 1272 1606 1334 poſjbt.

326 1324 444 1370 Cum
480 1328 757 1389 triumphum
789 1333 830 1378 ei
864 1334 1068 1393 senatus,
1097 1340 1174 1401 qui
1202 1339 1401 1401 Traiano
1432 1344 1606 1392 debitus

320 1410 443 1455 crat,
482 1400 730 1462 detulisset,
771 1408 992 1457 recusavit
1026 1410 1144 1473 ipse,
1185 1428 1319 1478 atque
1366 1417 1604 1481 imaginem

321 1472 506 1531 Traiani
540 1493 675 1523 curru
699 1479 957 1543 triumphali
991 1486 1143 1545 vexit,
1166 1500 1214 1534 ut
1236 1490 1435 1551 optimus
1459 1492 1604 1554 impe-

320 1558 442 1590 rator
469 1563 523 1593 ne
551 1550 651 1610 post
683 1566 877 1600 mortem
909 1557 1090 1618 quidem
1131 1561 1342 1624 triumphi
1384 1565 1604 1612 amitteret

320 1617 596 1681 dignitatem.
622 1624 761 1672 Patris
800 1628 952 1687 patriae
982 1647 1150 1679 nomen
1177 1634 1256 1681 fibi
1286 1635 1480 1683 delatum
1513 1638 1599 1685 sta-

319 1692 426 1750 tim,
457 1695 507 1741 &
531 1695 692 1744 iterum
733 1701 911 1761 postea,
940 1703 1129 1753 distulit:
1163 1709 1289 1771 quod
1315 1709 1404 1758 hoc
1431 1729 1600 1759 nomen

318 1764 540 1827 Augustus
577 1769 675 1816 sero
710 1774 947 1821 meruisset.
979 1777 1153 1825 Aurum
1191 1782 1479 1830 coronarium
1509 1787 1597 1831 Ita-

314 1835 388 1882 iiae
415 1839 605 1897 remisit,
634 1841 679 1889 in
705 1847 956 1904 provinciis
988 1850 1175 1907 minmit,
1200 1855 1247 1900 &
1274 1855 1453 1918 quidem
1484 1857 1599 1903 diffi-

317 1909 558 1958 cultatibus
586 1916 730 1962 aerarii
760 1919 992 1967 ambitiose
1024 1940 1075 1970 ac
1107 1924 1341 1987 diligenter
1369 1929 1599 1990 expositis.

314 1981 486 2028 Audito
506 1984 606 2030 dein
623 1989 816 2036 tumultu
837 1993 1131 2042 Sarmatarum
1153 1999 1199 2044 δέ
1221 2000 1568 2049 Roxolanorum
1584 2039 1599 2062 ,

314 2054 540 2112 praemiffis
563 2061 832 2110 exercitibus
850 2067 1054 2114 Moesiam
1076 2070 1215 2130 petiit.
1239 2073 1451 2120 Martium
1477 2077 1595 2123 Tur·

314 2127 508 2186 bouem,
542 2133 640 2192 post
678 2136 959 2185 Mauritania:
990 2142 1288 2202 praefeEiuram
1328 2144 1483 2193 infulis
1517 2164 1595 2193 or-

312 2214 463 2249 natum
484 2240 498 2262 ,
524 2207 768 2255 Pannoniae
793 2213 1042 2277 Daciaeque
1081 2217 1135 2262 ad
1166 2230 1342 2281 tempus
1382 2221 1594 2282 praefecit.

250 2329 253 2333 ῃ
309 2275 426 2323 Cum
452 2294 553 2342 rege
574 2281 947 2343 Roxolanorum,
972 2287 1048 2350 qui
1075 2289 1129 2335 de
1158 2289 1405 2340 imminutis
1433 2294 1594 2354 stipen-

308 2347 389 2392 diis
406 2352 699 2411 querebatur,
716 2357 903 2418 cognito
937 2360 1122 2422 negotio
1146 2379 1302 2423 pacem
1322 2366 1592 2426 composuit.

390 2422 484 2469 VH.
510 2424 686 2489 Nigrini
719 2428 925 2489 insidias,
956 2448 1063 2495 quas
1092 2433 1165 2480 ille
1198 2435 1458 2485 sacrificanti
1495 2439 1587 2483 Ha-
