1714 2807
350 146 438 194 208
574 145 1442 202 FLAVIIV-OPISCI

345 267 441 297 non
474 268 544 298 me
578 253 632 298 ad
664 250 801 298 Probi
832 251 941 298 facia
975 251 1308 309 conscendere3
1344 253 1373 299 fi
1412 253 1506 300 vita
1537 251 1641 317 sup·

343 325 790 389 ·petet,0mnes‚qui
822 325 1053 388 supersunt
1072 325 1215 389 usque
1239 328 1291 372 ad
1317 327 1640 374 Maximianum

345 398 784 462 Diocletianumque
809 399 1020 447 dicturus.
1052 402 1212 462 Neque
1231 393 1322 462 'ego
1357 415 1477 448 nunc
1498 396 1641 448 facul—

344 484 480 519 tatem
495 473 895 536 eloquentiamque
911 473 1158 537 polliceor,
1178 472 1248 518 sed
1266 490 1333 519 res
1353 473 1488 536 gestas
1501 509 1514 529 ,
1531 490 1642 538 quas

345 547 491 610 perire
512 563 606 592 non
633 544 795 609 patior.

428 622 478 666 11.
503 617 618 666 Usus
647 631 795 664 autem
826 614 944 675 sum,
976 632 1032 662 ne
1058 616 1102 661 in
1136 615 1294 680 aliquo
1324 615 1469 663 fallam
1502 617 1641 665 caris—

345 693 494 740 fimam
515 691 625 738 mihi
651 690 993 736 familiaritatem
1022 703 1140 736 tuam
1156 723 1170 746 ‚
1197 692 1424 750 pra-cipue
1445 692 1568 738 libris
1585 709 1642 740 ex

344 765 622 813 bibliotheca
647 763 781 824 Ulpia
798 795 810 817 ‚
834 777 961 808 aetate
984 779 1078 808 mea
1104 762 1287 808 thermis
1312 763 1641 822 Diocletianis

342 838 451 887 item
489 855 543 883 ex
585 836 728 882 domo
759 832 1017 883 Tiberiana.
1051 837 1166 883 Usus
1199 837 1331 884 etiam
1370 855 1422 884 ex
1465 841 1642 903 regestis

295 927 298 931 ⁴
345 912 584 959 scribarum
617 901 819 970 ponticus
855 909 1223 974 Porphyreticae,
1266 911 1370 957 auis
1407 913 1537 957 etiam
1569 914 1645 959 Se—

344 997 470 1032 natus
492 1001 543 1030 ac
576 983 748 1046 populi.
775 985 828 1029 Et
859 984 1075 1045 quoniam
1110 1000 1178 1029 me
1206 985 1258 1030 ad
1291 986 1544 1046 colligenda
1574 1000 1641 1033 ta-

345 1062 400 1108 lis
425 1060 509 1106 viri
531 1057 646 1122 gesta
668 1058 916 1119 ephemeris
938 1058 1128 1104 Turduli
1153 1058 1378 1105 Gallicani
1402 1061 1641 1119 plurimum

346 1132 492 1193 juvit,
528 1131 614 1177 viri
644 1129 935 1176 honet'liffimi
963 1147 1014 1176 ac
1046 1130 1341 1187 {inceriffimi‚
1363 1130 1642 1178 ‘beneficium

347 1203 481 1251 amici
518 1203 630 1257 senis
651 1217 796 1248 tacere
820 1218 913 1247 non
945 1203 1092 1249 debui.
1122 1203 1311 1248 Cnaeum
1350 1204 1613 1265 Pompeium
1633 1239 1646 1256 ‚

345 1277 489 1324 tribus
509 1274 750 1337 fulgentem
773 1273 1015 1335 triumphis
1031 1308 1044 1330 ‚
1067 1275 1167 1320 belli
1191 1276 1395 1336 piratici,
1419 1276 1520 1322 belli
1542 1279 1644 1322 Ser-

345 1349 542 1405 toriani,
564 1349 668 1394 belli
698 1348 1014 1403 Mithridatici,
1036 1350 1367 1410 multarumque
1396 1366 1540 1397 rerum
1570 1367 1643 1414 ge-

344 1422 510 1469 starum
534 1421 758 1481 majestate
781 1420 1008 1466 sublimem
1026 1455 1038 1477 ‚
1063 1421 1161 1483 quis
1183 1424 1359 1467 tandem
1383 1424 1545 1476 nollet,
1567 1421 1643 1469 niti
1670 1460 1672 1462 -

347 1513 450 1544 eum
482 1497 664 1542 Marcus
691 1495 870 1540 Tullius
896 1496 942 1541 ὅ(
971 1493 1102 1540 Titus
1128 1494 1285 1539 Livius
1314 1495 1360 1540 in
1393 1495 1539 1541 literas
1571 1511 1643 1541 re-

346 1567 587 1617 tuliffent?
622 1567 828 1614 Publium
869 1566 1129 1628 Scipionem
1168 1566 1461 1624 Africanum,
1499 1569 1641 1615 immo

348 1641 584 1704 Scipiones
609 1657 792 1696 omnes,
820 1640 893 1686 seu
923 1638 1116 1695 Lucios,
1150 1639 1223 1684 seu
1253 1639 1460 1693 Nasicas,
1491 1656 1644 1687 nonne
1672 1671 1676 1683 ›.

350 1713 547 1761 tenebrae
574 1712 844 1775 possiderent
867 1727 916 1758 ac
951 1723 1177 1773 tegerent,
1200 1711 1277 1757 nisi
1303 1712 1645 1758 commendato·

348 1804 420 1835 res
449 1803 608 1833 eorum
648 1785 852 1831 historici
882 1784 1059 1830 nobiles
1093 1798 1227 1845 atque
1254 1785 1478 1848 ignobiles
1507 1784 1643 1831 exsti-

348 1861 758 1924 tiffent?Longum
784 1859 845 1905 est
866 1857 1016 1906 omnia
1043 1858 1270 1919 persequi,
1295 1875 1393 1919 quae
1419 1859 1472 1904 ad
1495 1874 1642 1904 exem·

349 1935 475 1998 plum
506 1932 843 1992 hujuscemodi,
878 1932 1007 1978 etiam
1039 1931 1170 1976 nobis
1205 1933 1487 1988 tacentibus,
1521 1932 1643 1982 usur-

350 2009 497 2071 panda
527 2006 640 2054 sunt.
670 2007 782 2052 Illud
806 2019 977 2051 tantum
1000 2005 1295 2051 comestatum
1331 2007 1474 2059 volo,
1495 2021 1565 2050 me
1595 2006 1644 2052 &

350 2098 446 2127 rem
481 2079 713 2141 scripfiffe,
752 2096 914 2141 quam,
947 2078 977 2124 fi
1012 2079 1112 2140 quis
1147 2078 1374 2136 voluerit,
1411 2076 1642 2124 honestius

351 2153 544 2215 eloquio
563 2153 747 2199 celsiore
769 2153 1057 2198 demonstret.
1078 2153 1131 2196 Et
1152 2151 1257 2196 mihi
1282 2151 1463 2210 quidem
1486 2150 1531 2196 id
1551 2149 1641 2195 ani·

351 2227 416 2275 mi
443 2225 555 2282 suit,
585 2241 680 2270 non
710 2238 757 2270 ut
792 2225 1043 2280 Sallustios,
1070 2223 1250 2276 Livios,
1273 2224 1488 2278 Tacitos,
1524 2223 1643 2268 Tro·

353 2316 465 2364 gos,
492 2314 626 2362 atque
660 2315 820 2345 omnes
858 2299 1159 2345 disertissimos
1190 2298 1384 2345 imitarer
1413 2297 1566 2354 viros,
1597 2294 1642 2343 in

353 2373 450 2420 vita
477 2373 740 2435 Principum
767 2373 816 2419 &
843 2371 1121 2434 temporibus
1144 2371 1401 2418 differendis
1419 2407 1430 2428 ,
1453 2370 1524 2416 sed
1544 2371 1642 2416 Mau

354 2445 476 2495 rium
499 2446 776 2505 Maximum,
796 2446 1062 2494 Suetonium
1084 2445 1426 2510 Tranquillum,
1458 2443 1640 2493 Fabium
