1637 2785
326 97 608 145 PROBUS
654 96 1116 146 IMPERATOR.
1291 89 1378 165 2‘13

90 205 315 266 publicam.
334 208 404 266 qui
417 241 428 261 ,
447 203 758 268 &quantussz's
771 239 784 261 ,
807 222 946 251 onmes
965 208 1159 251 novimus
1172 222 1189 250 .·
1201 207 1287 266 fiir
1301 211 1383 252 Se-

95 294 237 325 natus.
258 279 412 342 Adesto
431 281 560 340 igitur
582 280 728 343 nostris
749 278 1074 341 necqffitatibus:
1098 296 1181 325 tuce
1195 280 1384 339 familiae

93 349 237 414 affere,
268 367 315 398 ut
334 352 476 412 soles,
503 350 806 412 rempublicam.
834 353 928 397 Nos
950 353 1051 408 tibi,
1077 356 1229 398 decreto
1254 357 1381 400 totius

97 423 285 469 Orientis
308 426 484 477 ducatu,
498 424 711 484 fhlarlutn
745 426 992 484 quintuplex
1009 424 1192 481 fecimus
1208 462 1221 482 ,
1251 439 1382 472 ornad

93 510 229 539 menta
254 498 456 541 militaria
484 487 817 557 gemi'rzavimzcs,
841 497 1109 554 Conficlacum
1145 498 1190 541 in
1219 517 1379 543 armum

83 569 329 628 proximum
348 570 562 629 nobiscum
580 570 824 615 decrevimus
837 585 854 613 .·
870 585 903 613 te
918 570 1027 613 enim
1046 586 1183 615 manet
1196 589 1270 630 pro
1292 574 1381 617 vir-

87 641 241 686 tutibus
262 642 346 686 tuis
372 643 610 702 Capitolina
621 646 831 702 palmata.
852 643 1016 686 Ferunt
1039 639 1221 704 quidam
1239 677 1251 697 ‚
1268 643 1377 690 Pro-

85 711 149 759 bo
177 712 220 758 id
251 730 333 776 pro
356 714 531 776 imperii
553 715 705 762 omine
727 714 854 761 fuiss‘e
869 749 884 773 ‚
907 714 1033 778 quod
1063 713 1248 762 Tacitus
1273 714 1379 763 scri-

83 786 193 849 psit,
217 790 274 834 Te
294 805 433 835 manet
451 790 690 850 Capitolina
708 794 918 850 palmata.
945 788 1030 835 Sed
1055 788 1101 833 In
1128 788 1243 836 hanc
1274 789 1375 837 sen-

84 862 271 908 tentiam
295 861 506 908 omnibus
529 862 699 924 semper
719 861 997 908 Consulibus
1023 860 1309 908 scribebatur.

150 935 266 980 VIII.
291 936 432 982 Amor
456 934 648 980 militum
675 950 775 998 erga
796 935 992 980 Probum
1023 933 1179 997 ingens
1203 929 1377 998 semper

85 1004 186 1055 fuit.
218 1025 363 1072 neque
381 1007 499 1055 enim
521 1025 716 1071 unquam
738 1009 813 1056 ine
834 1009 979 1072 paffus
997 1007 1057 1055 est
1084 1025 1268 1072 peccare
1289 1008 1379 1068 mi-

82 1078 222 1128 iitem.
245 1081 320 1129 ille
340 1081 449 1144 quin
469 1081 598 1128 etiam
620 1081 907 1128 Aurelianum
929 1080 1045 1143 saepe
1069 1097 1093 1128 a
1119 1081 1246 1145 gravi
1273 1097 1377 1129 cru-

80 1151 261 1200 delitate
287 1153 483 1200 deduxit.
506 1154 582 1200 ille
613 1154 811 1218 singulos
835 1154 1094 1216 manipulos
1125 1153 1233 1201 adiit
1249 1189 1262 1210 ‚
1291 1170 1377 1200 ve-

78 1223 163 1271 stes
191 1228 240 1274 &
267 1224 564 1274 calceamenta
591 1225 841 1289 perspexit:
867 1226 897 1272 fi
927 1226 1036 1290 quid
1064 1227 1225 1289 praedae
1253 1226 1373 1286 fuit,

79 1296 140 1345 ita
160 1297 337 1358 divisit,
356 1311 404 1346 ut
432 1298 512 1346 fibi
534 1298 675 1355 nihil,
696 1312 857 1362 praeter
876 1299 961 1346 tela
978 1301 1028 1348 &
1050 1317 1197 1357 arma,
1219 1299 1372 1348 serva-

77 1382 162 1419 ret.
189 1371 314 1434 Quin
344 1372 475 1419 etiam
510 1389 611 1420 cum
644 1372 698 1418 de
729 1372 955 1434 praedam,
983 1372 1079 1419 five
1108 1389 1164 1419 ex
1187 1372 1373 1432 Alanis,

79 1441 175 1490 five
195 1459 252 1490 ex
271 1444 418 1507 aliqua
439 1443 520 1491 alia
551 1456 708 1508 gente,
733 1444 954 1492 incertum
978 1444 1040 1491 est
1055 1480 1069 1502 ,
1084 1457 1285 1506 repertus
1305 1443 1374 1491 es-

78 1515 141 1562 set
167 1531 313 1579 equus
336 1532 430 1563 non
458 1516 675 1574 decorus,
706 1533 852 1579 neque
881 1517 1064 1580 ingens,
1087 1516 1196 1579 qui,
1223 1533 1370 1579 quan-

77 1601 171 1635 tum
201 1587 370 1649 captivi
405 1587 740 1651 loquebantur,
765 1600 944 1636 centum
976 1588 1030 1634 ad
1059 1587 1176 1634 diem
1207 1587 1372 1638 millia—

77 1661 142 1709 ria
168 1678 345 1709 currere
374 1661 622 1721 diceretur,
653 1662 711 1709 ita
743 1676 795 1709 ut
825 1679 903 1725 per
933 1662 1025 1709 dies
1050 1663 1157 1709 0610
1185 1662 1261 1720 νεὶ
1289 1663 1372 1710 de-

75 1752 174 1783 cem
195 1735 507 1792 continuaret,
529 1737 578 1784 &
599 1751 758 1783 omnes
783 1736 1043 1794 crederent,
1063 1736 1263 1783 Probum
1283 1737 1373 1784 tale

69 1805 238 1854 'animal
257 1805 429 1852 sibimet
460 1805 768 1866 servaturum,
787 1806 873 1870 jam
903 1806 1098 1872 primum
1120 1807 1264 1863 dixit,
1283 1811 1375 1856 Fui

70 1881 205 1942 gitivo
223 1880 352 1925 militi
360 1882 529 1940 potius,
544 1897 667 1942 quam
673 1880 784 1939 forti
795 1916 808 1938 ‚
833 1883 896 1927 hic
914 1899 1040 1942 equus
1057 1883 1248 1939 convenit
1260 1899 1278 1927 .-
1294 1881 1374 1928 dee

73 1953 177 2000 inde
202 1952 248 1999 in
276 1968 432 1999 urnam
461 1952 670 2000 militares
702 1951 821 2013 juffit
850 1969 1020 2001 nomen
1060 1952 1184 2000 suum
1216 1952 1372 2000 mitte-

73 2042 120 2073 re
137 2064 152 2084 ,
182 2037 232 2073 ut
258 2025 417 2088 aliquis
441 2041 541 2072 eum
573 2025 692 2073 sorte
727 2026 884 2073 duetus
911 2028 1150 2089 acciperet.
1181 2027 1242 2074 δε»
1262 2042 1373 2075 cum

72 2096 210 2144 effent
230 2097 277 2143 in
297 2097 498 2145 exercitu
525 2097 732 2161 quidam,
752 2098 942 2146 nomine
963 2098 1130 2156 Probi,
1153 2096 1231 2144 alii
1258 2113 1373 2162 quae·

72 2186 179 2218 tuor
202 2171 364 2218 milites
379 2207 392 2229 ‚
415 2171 516 2219 casu
536 2172 719 2230 evenit,
737 2185 786 2220 ut
805 2172 1000 2236 primum
1021 2181 1282 2235 emergeret,
1292 2170 1371 2219 cui

72 2244 230 2292 Probo
250 2261 417 2292 nomen
437 2244 676 2305 exsisteret,
693 2262 796 2294 cum
815 2246 949 2310 ipsius
975 2245 1112 2293 Probi
1132 2245 1259 2294 ducis
1275 2261 1371 2293 no-

72 2336 176 2367 men
202 2319 372 2366 missum
405 2335 500 2366 non
525 2319 644 2368 effet.
673 2320 759 2368 Sed
787 2337 890 2369 cum
917 2333 1119 2385 quatuor
1147 2319 1213 2367 ini
1243 2320 1366 2367 mili-

72 2404 139 2442 tes
169 2392 287 2442 inter
315 2392 358 2443 se
390 2394 746 2456 contenderent,
781 2411 834 2444 ae
870 2394 1035 2443 sortem
1066 2392 1149 2443 fibi
1182 2392 1372 2458 quisque

963 2469 1010 2514 0
1047 2482 1070 2530 ,ε
