<?xml version="1.0" encoding="UTF-8"?>
<!DOCTYPE html PUBLIC "-//W3C//DTD XHTML 1.0 Transitional//EN"
    "http://www.w3.org/TR/xhtml1/DTD/xhtml1-transitional.dtd">
<html xmlns="http://www.w3.org/1999/xhtml" xml:lang="en" lang="en">
 <head>
  <title>
</title>
<meta http-equiv="Content-Type" content="text/html;charset=utf-8" />
  <meta name='ocr-system' content='tesseract 3.04.00' />
  <meta name='ocr-capabilities' content='ocr_page ocr_carea ocr_par ocr_line ocrx_word'/>
</head>
<body>
  <div class='ocr_page' id='page_1' title='image "./historiaeaugusta00bipouoft_0355.png"; bbox 0 0 1637 2785; ppageno 0'>
   <div class='ocr_carea' id='block_1_1' title="bbox 232 149 1368 211">
    <p class='ocr_par' dir='ltr' id='par_1_1' title="bbox 232 149 1368 211">
     <span class='ocr_line' id='line_1_1' title="bbox 232 149 1368 211; baseline -0.002 -14"><span class='ocrx_word' id='word_1_1' title='bbox 232 149 758 197; x_wconf 85' lang='lat' dir='ltr'><strong>ALEXANDER</strong></span> <span class='ocrx_word' id='word_1_2' title='bbox 805 149 1176 196; x_wconf 85' lang='lat' dir='ltr'><strong>SEVERUS.</strong></span> <span class='ocrx_word' id='word_1_3' title='bbox 1275 161 1368 211; x_wconf 84' lang='lat'>277</span> 
     </span>
    </p>
   </div>
   <div class='ocr_carea' id='block_1_2' title="bbox 72 255 1371 2429">
    <p class='ocr_par' dir='ltr' id='par_1_2' title="bbox 85 255 1371 682">
     <span class='ocr_line' id='line_1_2' title="bbox 87 255 1371 319; baseline 0 -15"><span class='ocrx_word' id='word_1_4' title='bbox 87 257 155 305; x_wconf 76' lang='lat' dir='ltr'>xit</span> <span class='ocrx_word' id='word_1_5' title='bbox 182 257 317 313; x_wconf 85' lang='lat' dir='ltr'>mire,</span> <span class='ocrx_word' id='word_1_6' title='bbox 337 256 531 304; x_wconf 81' lang='lat' dir='ltr'>cantavit</span> <span class='ocrx_word' id='word_1_7' title='bbox 556 256 790 302; x_wconf 87' lang='lat' dir='ltr'>nobiliter:</span> <span class='ocrx_word' id='word_1_8' title='bbox 813 257 884 302; x_wconf 89' lang='lat' dir='ltr'>sed</span> <span class='ocrx_word' id='word_1_9' title='bbox 904 273 1126 319; x_wconf 87' lang='lat' dir='ltr'>nunquam</span> <span class='ocrx_word' id='word_1_10' title='bbox 1149 255 1238 303; x_wconf 89' lang='lat' dir='ltr'>alio</span> <span class='ocrx_word' id='word_1_11' title='bbox 1257 272 1371 304; x_wconf 90' lang='lat' dir='ltr'>con·</span> 
     </span>
     <span class='ocr_line' id='line_1_3' title="bbox 86 328 1370 393; baseline -0.001 -16"><span class='ocrx_word' id='word_1_12' title='bbox 86 331 210 389; x_wconf 82' lang='lat' dir='ltr'>sci0‚</span> <span class='ocrx_word' id='word_1_13' title='bbox 236 331 315 378; x_wconf 77' lang='lat' dir='ltr'>nisi</span> <span class='ocrx_word' id='word_1_14' title='bbox 344 330 490 393; x_wconf 86' lang='lat' dir='ltr'>pueris</span> <span class='ocrx_word' id='word_1_15' title='bbox 522 329 608 375; x_wconf 84' lang='lat' dir='ltr'>suis</span> <span class='ocrx_word' id='word_1_16' title='bbox 635 328 832 376; x_wconf 87' lang='lat' dir='ltr'>testibus.</span> <span class='ocrx_word' id='word_1_17' title='bbox 854 330 976 376; x_wconf 87' lang='lat' dir='ltr'>Vitas</span> <span class='ocrx_word' id='word_1_18' title='bbox 999 330 1256 390; x_wconf 86' lang='lat' dir='ltr'>Principum</span> <span class='ocrx_word' id='word_1_19' title='bbox 1285 330 1370 376; x_wconf 90' lang='lat' dir='ltr'>bo-</span> 
     </span>
     <span class='ocr_line' id='line_1_4' title="bbox 86 399 1370 463; baseline 0.002 -16"><span class='ocrx_word' id='word_1_20' title='bbox 86 418 250 448; x_wconf 87' lang='lat' dir='ltr'>norum</span> <span class='ocrx_word' id='word_1_21' title='bbox 282 401 476 449; x_wconf 75' lang='lat' dir='ltr'>versibus</span> <span class='ocrx_word' id='word_1_22' title='bbox 506 399 682 462; x_wconf 70' lang='lat' dir='ltr'>scripsit.</span> <span class='ocrx_word' id='word_1_23' title='bbox 714 402 835 462; x_wconf 83' lang='lat' dir='ltr'>Lyra</span> <span class='ocrx_word' id='word_1_24' title='bbox 855 436 868 454; x_wconf 84' lang='lat'>‚</span> <span class='ocrx_word' id='word_1_25' title='bbox 892 400 1022 455; x_wconf 84' lang='lat' dir='ltr'>tibia,</span> <span class='ocrx_word' id='word_1_26' title='bbox 1043 416 1216 463; x_wconf 82' lang='lat' dir='ltr'>organo</span> <span class='ocrx_word' id='word_1_27' title='bbox 1253 401 1370 449; x_wconf 84' lang='lat' dir='ltr'>ceci·</span> 
     </span>
     <span class='ocr_line' id='line_1_5' title="bbox 86 473 1365 537; baseline 0.001 -16"><span class='ocrx_word' id='word_1_28' title='bbox 86 474 176 522; x_wconf 89' lang='lat' dir='ltr'>nit:</span> <span class='ocrx_word' id='word_1_29' title='bbox 196 475 299 521; x_wconf 85' lang='lat' dir='ltr'>tuba</span> <span class='ocrx_word' id='word_1_30' title='bbox 326 475 486 529; x_wconf 81' lang='lat' dir='ltr'>etiam,</span> <span class='ocrx_word' id='word_1_31' title='bbox 517 474 640 536; x_wconf 89' lang='lat' dir='ltr'>quod</span> <span class='ocrx_word' id='word_1_32' title='bbox 661 473 839 535; x_wconf 86' lang='lat' dir='ltr'>quidem</span> <span class='ocrx_word' id='word_1_33' title='bbox 867 477 1111 534; x_wconf 85' lang='lat' dir='ltr'>{mperator</span> <span class='ocrx_word' id='word_1_34' title='bbox 1136 490 1365 537; x_wconf 87' lang='lat' dir='ltr'>nunquam</span> 
     </span>
     <span class='ocr_line' id='line_1_6' title="bbox 86 545 1366 610; baseline 0.001 -17"><span class='ocrx_word' id='word_1_35' title='bbox 86 547 292 594; x_wconf 79' lang='lat' dir='ltr'>ostendit.</span> <span class='ocrx_word' id='word_1_36' title='bbox 327 547 523 593; x_wconf 82' lang='lat' dir='ltr'>Palaestes</span> <span class='ocrx_word' id='word_1_37' title='bbox 560 546 725 608; x_wconf 85' lang='lat' dir='ltr'>primus</span> <span class='ocrx_word' id='word_1_38' title='bbox 755 545 839 592; x_wconf 83' lang='lat' dir='ltr'>fuit</span> <span class='ocrx_word' id='word_1_39' title='bbox 861 582 874 601; x_wconf 91' lang='lat'>‚</span> <span class='ocrx_word' id='word_1_40' title='bbox 902 546 946 591; x_wconf 92' lang='lat' dir='ltr'>in</span> <span class='ocrx_word' id='word_1_41' title='bbox 984 547 1116 593; x_wconf 88' lang='lat' dir='ltr'>armis</span> <span class='ocrx_word' id='word_1_42' title='bbox 1144 563 1328 610; x_wconf 86' lang='lat' dir='ltr'>magnus</span> <span class='ocrx_word' id='word_1_43' title='bbox 1349 584 1366 608; x_wconf 90' lang='lat'><strong><em>‚</em></strong></span> 
     </span>
     <span class='ocr_line' id='line_1_7' title="bbox 85 619 1112 682; baseline 0 -15"><span class='ocrx_word' id='word_1_44' title='bbox 85 622 198 667; x_wconf 88' lang='lat' dir='ltr'>adeo</span> <span class='ocrx_word' id='word_1_45' title='bbox 225 633 275 667; x_wconf 86' lang='lat' dir='ltr'>ut</span> <span class='ocrx_word' id='word_1_46' title='bbox 299 621 434 667; x_wconf 86' lang='lat' dir='ltr'>multa</span> <span class='ocrx_word' id='word_1_47' title='bbox 460 621 573 667; x_wconf 88' lang='lat' dir='ltr'>bella</span> <span class='ocrx_word' id='word_1_48' title='bbox 590 655 603 676; x_wconf 89' lang='lat'>‚</span> <span class='ocrx_word' id='word_1_49' title='bbox 628 621 675 666; x_wconf 91' lang='lat'><strong>&amp;</strong></span> <span class='ocrx_word' id='word_1_50' title='bbox 707 619 897 682; x_wconf 84' lang='lat' dir='ltr'>gloriose</span> <span class='ocrx_word' id='word_1_51' title='bbox 923 620 1112 682; x_wconf 78' lang='lat' dir='ltr'>gefferit.</span> 
     </span>
    </p>

    <p class='ocr_par' dir='ltr' id='par_1_3' title="bbox 72 694 1363 2429">
     <span class='ocr_line' id='line_1_8' title="bbox 148 694 1363 755; baseline 0.002 -13"><span class='ocrx_word' id='word_1_52' title='bbox 148 697 355 743; x_wconf 85' lang='lat' dir='ltr'>XXV111.</span> <span class='ocrx_word' id='word_1_53' title='bbox 372 695 659 743; x_wconf 82' lang='lat' dir='ltr'>Consulatum</span> <span class='ocrx_word' id='word_1_54' title='bbox 677 706 742 740; x_wconf 87' lang='lat' dir='ltr'>ter</span> <span class='ocrx_word' id='word_1_55' title='bbox 763 694 861 740; x_wconf 87' lang='lat' dir='ltr'>iniit</span> <span class='ocrx_word' id='word_1_56' title='bbox 879 706 1048 740; x_wconf 87' lang='lat' dir='ltr'>tantum</span> <span class='ocrx_word' id='word_1_57' title='bbox 1066 694 1363 755; x_wconf 62' lang='lat' dir='ltr'>ordinariumg</span> 
     </span>
     <span class='ocr_line' id='line_1_9' title="bbox 84 765 1362 828; baseline 0.004 -14"><span class='ocrx_word' id='word_1_58' title='bbox 84 784 136 814; x_wconf 91' lang='lat' dir='ltr'>ac</span> <span class='ocrx_word' id='word_1_59' title='bbox 163 768 310 827; x_wconf 88' lang='lat' dir='ltr'>primo</span> <span class='ocrx_word' id='word_1_60' title='bbox 339 767 542 813; x_wconf 88' lang='lat' dir='ltr'>nundino</span> <span class='ocrx_word' id='word_1_61' title='bbox 575 766 650 812; x_wconf 83' lang='lat' dir='ltr'>fibi</span> <span class='ocrx_word' id='word_1_62' title='bbox 678 766 789 813; x_wconf 89' lang='lat' dir='ltr'>alios</span> <span class='ocrx_word' id='word_1_63' title='bbox 815 766 985 828; x_wconf 83' lang='lat' dir='ltr'><strong>semper</strong></span> <span class='ocrx_word' id='word_1_64' title='bbox 1013 765 1194 816; x_wconf 86' lang='lat' dir='ltr'>suffecit.</span> <span class='ocrx_word' id='word_1_65' title='bbox 1223 771 1362 819; x_wconf 75' lang='lat' dir='ltr'>seve-</span> 
     </span>
     <span class='ocr_line' id='line_1_10' title="bbox 83 839 1362 906; baseline 0.003 -20"><span class='ocrx_word' id='word_1_66' title='bbox 83 841 271 886; x_wconf 84' lang='lat' dir='ltr'>riffimus</span> <span class='ocrx_word' id='word_1_67' title='bbox 289 840 422 902; x_wconf 83' lang='lat' dir='ltr'>judex</span> <span class='ocrx_word' id='word_1_68' title='bbox 455 852 612 886; x_wconf 88' lang='lat' dir='ltr'>contra</span> <span class='ocrx_word' id='word_1_69' title='bbox 633 839 773 898; x_wconf 84' lang='lat' dir='ltr'>fures,</span> <span class='ocrx_word' id='word_1_70' title='bbox 792 841 1020 903; x_wconf 87' lang='lat' dir='ltr'>appellans</span> <span class='ocrx_word' id='word_1_71' title='bbox 1049 840 1227 888; x_wconf 88' lang='lat' dir='ltr'>eosdem</span> <span class='ocrx_word' id='word_1_72' title='bbox 1247 861 1362 906; x_wconf 86' lang='lat' dir='ltr'>quo-</span> 
     </span>
     <span class='ocr_line' id='line_1_11' title="bbox 82 912 1363 976; baseline 0.003 -18"><span class='ocrx_word' id='word_1_73' title='bbox 82 912 359 959; x_wconf 85' lang='lat' dir='ltr'>tidianorum</span> <span class='ocrx_word' id='word_1_74' title='bbox 386 913 597 958; x_wconf 83' lang='lat' dir='ltr'>scelerum</span> <span class='ocrx_word' id='word_1_75' title='bbox 623 928 752 965; x_wconf 85' lang='lat' dir='ltr'>reos,</span> <span class='ocrx_word' id='word_1_76' title='bbox 783 914 831 960; x_wconf 86' lang='lat'>&amp;</span> <span class='ocrx_word' id='word_1_77' title='bbox 867 913 1079 960; x_wconf 86' lang='lat' dir='ltr'>damnans</span> <span class='ocrx_word' id='word_1_78' title='bbox 1112 916 1324 965; x_wconf 77' lang='lat' dir='ltr'>acerrime</span> <span class='ocrx_word' id='word_1_79' title='bbox 1343 952 1363 976; x_wconf 84' lang='lat'><strong>,</strong></span> 
     </span>
     <span class='ocr_line' id='line_1_12' title="bbox 81 985 1361 1048; baseline 0.005 -16"><span class='ocrx_word' id='word_1_80' title='bbox 81 1001 135 1032; x_wconf 82' lang='lat' dir='ltr'>ac</span> <span class='ocrx_word' id='word_1_81' title='bbox 182 986 301 1032; x_wconf 83' lang='lat' dir='ltr'>solos</span> <span class='ocrx_word' id='word_1_82' title='bbox 335 987 481 1032; x_wconf 84' lang='lat' dir='ltr'>hostes</span> <span class='ocrx_word' id='word_1_83' title='bbox 502 1022 513 1043; x_wconf 96' lang='lat'>,</span> <span class='ocrx_word' id='word_1_84' title='bbox 541 985 838 1048; x_wconf 82' lang='lat' dir='ltr'>inimicosque</span> <span class='ocrx_word' id='word_1_85' title='bbox 870 986 1128 1047; x_wconf 81' lang='lat' dir='ltr'>reipublicae</span> <span class='ocrx_word' id='word_1_86' title='bbox 1175 1006 1361 1042; x_wconf 73' lang='lat' dir='ltr'>vocans,</span> 
     </span>
     <span class='ocr_line' id='line_1_13' title="bbox 80 1058 1360 1122; baseline 0.005 -17"><span class='ocrx_word' id='word_1_87' title='bbox 80 1062 193 1105; x_wconf 82' lang='lat' dir='ltr'>Eum</span> <span class='ocrx_word' id='word_1_88' title='bbox 216 1061 439 1106; x_wconf 86' lang='lat' dir='ltr'>notarium</span> <span class='ocrx_word' id='word_1_89' title='bbox 458 1095 470 1116; x_wconf 93' lang='lat'>‚</span> <span class='ocrx_word' id='word_1_90' title='bbox 493 1061 571 1122; x_wconf 82' lang='lat' dir='ltr'>qui</span> <span class='ocrx_word' id='word_1_91' title='bbox 593 1059 747 1106; x_wconf 84' lang='lat' dir='ltr'>falsum</span> <span class='ocrx_word' id='word_1_92' title='bbox 776 1058 914 1106; x_wconf 81' lang='lat' dir='ltr'>causae</span> <span class='ocrx_word' id='word_1_93' title='bbox 935 1060 1118 1106; x_wconf 79' lang='lat' dir='ltr'>brevem</span> <span class='ocrx_word' id='word_1_94' title='bbox 1147 1061 1191 1107; x_wconf 91' lang='lat' dir='ltr'>in</span> <span class='ocrx_word' id='word_1_95' title='bbox 1214 1065 1360 1111; x_wconf 83' lang='lat' dir='ltr'>confi-</span> 
     </span>
     <span class='ocr_line' id='line_1_14' title="bbox 78 1130 1360 1198; baseline 0.006 -22"><span class='ocrx_word' id='word_1_96' title='bbox 78 1130 146 1177; x_wconf 86' lang='lat' dir='ltr'>lio</span> <span class='ocrx_word' id='word_1_97' title='bbox 171 1133 464 1195; x_wconf 83' lang='lat' dir='ltr'>imperatorio</span> <span class='ocrx_word' id='word_1_98' title='bbox 495 1132 727 1187; x_wconf 75' lang='lat' dir='ltr'>retulisset,</span> <span class='ocrx_word' id='word_1_99' title='bbox 748 1132 892 1179; x_wconf 82' lang='lat' dir='ltr'>incisis</span> <span class='ocrx_word' id='word_1_100' title='bbox 912 1132 1153 1195; x_wconf 80' lang='lat' dir='ltr'>digitorum</span> <span class='ocrx_word' id='word_1_101' title='bbox 1179 1138 1360 1198; x_wconf 86' lang='lat' dir='ltr'>nervis,</span> 
     </span>
     <span class='ocr_line' id='line_1_15' title="bbox 79 1202 1360 1268; baseline 0.008 -20"><span class='ocrx_word' id='word_1_102' title='bbox 79 1202 141 1249; x_wconf 78' lang='lat' dir='ltr'>ita</span> <span class='ocrx_word' id='word_1_103' title='bbox 170 1220 217 1250; x_wconf 90' lang='lat' dir='ltr'>ut</span> <span class='ocrx_word' id='word_1_104' title='bbox 243 1223 469 1268; x_wconf 86' lang='lat' dir='ltr'>nunquam</span> <span class='ocrx_word' id='word_1_105' title='bbox 508 1206 648 1266; x_wconf 82' lang='lat' dir='ltr'>poffet</span> <span class='ocrx_word' id='word_1_106' title='bbox 685 1205 905 1262; x_wconf 89' lang='lat' dir='ltr'>scribere,</span> <span class='ocrx_word' id='word_1_107' title='bbox 937 1205 1208 1267; x_wconf 75' lang='lat' dir='ltr'>deportavit.</span> <span class='ocrx_word' id='word_1_108' title='bbox 1240 1210 1360 1258; x_wconf 85' lang='lat' dir='ltr'>Cum</span> 
     </span>
     <span class='ocr_line' id='line_1_16' title="bbox 79 1273 1362 1342; baseline 0.005 -20"><span class='ocrx_word' id='word_1_109' title='bbox 79 1277 262 1338; x_wconf 87' lang='lat' dir='ltr'>quidam</span> <span class='ocrx_word' id='word_1_110' title='bbox 294 1295 349 1326; x_wconf 82' lang='lat' dir='ltr'>ex</span> <span class='ocrx_word' id='word_1_111' title='bbox 385 1279 646 1336; x_wconf 87' lang='lat' dir='ltr'>honoratis,</span> <span class='ocrx_word' id='word_1_112' title='bbox 678 1279 783 1326; x_wconf 84' lang='lat' dir='ltr'>vitae</span> <span class='ocrx_word' id='word_1_113' title='bbox 817 1277 1004 1323; x_wconf 82' lang='lat' dir='ltr'>sordidae</span> <span class='ocrx_word' id='word_1_114' title='bbox 1032 1279 1079 1326; x_wconf 73' lang='grc' dir='ltr'>ὅ(</span> <span class='ocrx_word' id='word_1_115' title='bbox 1104 1273 1362 1342; x_wconf 63' lang='grc' dir='ltr'>ἱειῑίῳιεηάοο</span> 
     </span>
     <span class='ocr_line' id='line_1_17' title="bbox 77 1347 1358 1413; baseline 0.005 -20"><span class='ocrx_word' id='word_1_116' title='bbox 77 1347 303 1396; x_wconf 81' lang='lat' dir='ltr'>furtorum</span> <span class='ocrx_word' id='word_1_117' title='bbox 328 1367 426 1398; x_wconf 87' lang='lat' dir='ltr'>reus</span> <span class='ocrx_word' id='word_1_118' title='bbox 440 1385 454 1407; x_wconf 95' lang='lat'><strong>‚</strong></span> <span class='ocrx_word' id='word_1_119' title='bbox 474 1367 552 1413; x_wconf 89' lang='lat' dir='ltr'>per</span> <span class='ocrx_word' id='word_1_120' title='bbox 569 1351 861 1397; x_wconf 84' lang='lat' dir='ltr'>ambitionem</span> <span class='ocrx_word' id='word_1_121' title='bbox 885 1349 1065 1396; x_wconf 82' lang='lat' dir='ltr'>nimiam</span> <span class='ocrx_word' id='word_1_122' title='bbox 1081 1352 1135 1397; x_wconf 91' lang='lat' dir='ltr'>ad</span> <span class='ocrx_word' id='word_1_123' title='bbox 1155 1352 1358 1403; x_wconf 84' lang='lat' dir='ltr'>militiam</span> 
     </span>
     <span class='ocr_line' id='line_1_18' title="bbox 75 1423 1354 1488; baseline 0.004 -20"><span class='ocrx_word' id='word_1_124' title='bbox 75 1423 322 1485; x_wconf 79' lang='lat' dir='ltr'>aspir-affer,</span> <span class='ocrx_word' id='word_1_125' title='bbox 343 1425 514 1472; x_wconf 90' lang='lat' dir='ltr'>idcirco</span> <span class='ocrx_word' id='word_1_126' title='bbox 532 1425 655 1487; x_wconf 85' lang='lat' dir='ltr'>quod</span> <span class='ocrx_word' id='word_1_127' title='bbox 684 1441 762 1488; x_wconf 85' lang='lat' dir='ltr'>per</span> <span class='ocrx_word' id='word_1_128' title='bbox 786 1440 907 1486; x_wconf 82' lang='lat' dir='ltr'>reges</span> <span class='ocrx_word' id='word_1_129' title='bbox 923 1424 1094 1471; x_wconf 84' lang='lat' dir='ltr'>amicos</span> <span class='ocrx_word' id='word_1_130' title='bbox 1114 1426 1354 1485; x_wconf 80' lang='lat' dir='ltr'>ambierat,</span> 
     </span>
     <span class='ocr_line' id='line_1_19' title="bbox 76 1496 1357 1558; baseline 0.004 -17"><span class='ocrx_word' id='word_1_131' title='bbox 76 1496 309 1554; x_wconf 77' lang='lat' dir='ltr'>admissus,</span> <span class='ocrx_word' id='word_1_132' title='bbox 332 1497 472 1544; x_wconf 84' lang='lat' dir='ltr'>statim</span> <span class='ocrx_word' id='word_1_133' title='bbox 503 1497 546 1543; x_wconf 87' lang='lat' dir='ltr'>in</span> <span class='ocrx_word' id='word_1_134' title='bbox 570 1496 715 1553; x_wconf 85' lang='lat' dir='ltr'>furt0‚&#39;</span> <span class='ocrx_word' id='word_1_135' title='bbox 733 1496 1017 1558; x_wconf 62' lang='lat' dir='ltr'>praesentibus</span> <span class='ocrx_word' id='word_1_136' title='bbox 1038 1499 1256 1558; x_wconf 86' lang='lat' dir='ltr'>patronis,</span> <span class='ocrx_word' id='word_1_137' title='bbox 1280 1500 1357 1546; x_wconf 88' lang='lat' dir='ltr'>de-</span> 
     </span>
     <span class='ocr_line' id='line_1_20' title="bbox 77 1569 1356 1631; baseline 0.004 -18"><span class='ocrx_word' id='word_1_138' title='bbox 77 1569 219 1616; x_wconf 68' lang='lat' dir='ltr'>tectus</span> <span class='ocrx_word' id='word_1_139' title='bbox 242 1569 328 1627; x_wconf 85' lang='lat' dir='ltr'>est,</span> <span class='ocrx_word' id='word_1_140' title='bbox 349 1569 564 1631; x_wconf 80' lang='lat' dir='ltr'>jussusque</span> <span class='ocrx_word' id='word_1_141' title='bbox 582 1586 604 1615; x_wconf 91' lang='lat' dir='ltr'>a</span> <span class='ocrx_word' id='word_1_142' title='bbox 629 1570 802 1631; x_wconf 85' lang='lat' dir='ltr'>regibus</span> <span class='ocrx_word' id='word_1_143' title='bbox 824 1569 994 1626; x_wconf 85' lang='lat' dir='ltr'>audiri,</span> <span class='ocrx_word' id='word_1_144' title='bbox 1021 1570 1248 1617; x_wconf 87' lang='lat' dir='ltr'>damnatus</span> <span class='ocrx_word' id='word_1_145' title='bbox 1268 1572 1356 1631; x_wconf 89' lang='lat' dir='ltr'>est,</span> 
     </span>
     <span class='ocr_line' id='line_1_21' title="bbox 75 1640 1354 1705; baseline 0.007 -22"><span class='ocrx_word' id='word_1_146' title='bbox 75 1654 126 1684; x_wconf 88' lang='lat' dir='ltr'>re</span> <span class='ocrx_word' id='word_1_147' title='bbox 164 1640 368 1700; x_wconf 84' lang='lat' dir='ltr'>probata.</span> <span class='ocrx_word' id='word_1_148' title='bbox 399 1642 455 1686; x_wconf 90' lang='lat' dir='ltr'>Et</span> <span class='ocrx_word' id='word_1_149' title='bbox 491 1657 593 1688; x_wconf 89' lang='lat' dir='ltr'>cum</span> <span class='ocrx_word' id='word_1_150' title='bbox 629 1653 899 1703; x_wconf 70' lang='lat' dir='ltr'>quaereretur</span> <span class='ocrx_word' id='word_1_151' title='bbox 934 1656 957 1686; x_wconf 93' lang='lat' dir='ltr'>a</span> <span class='ocrx_word' id='word_1_152' title='bbox 989 1641 1204 1704; x_wconf 83' lang='lat' dir='ltr'>regibus,</span> <span class='ocrx_word' id='word_1_153' title='bbox 1244 1645 1354 1705; x_wconf 85' lang='lat' dir='ltr'>quid</span> 
     </span>
     <span class='ocr_line' id='line_1_22' title="bbox 76 1713 1354 1776; baseline 0.006 -18"><span class='ocrx_word' id='word_1_154' title='bbox 76 1713 195 1773; x_wconf 81' lang='lat' dir='ltr'>apud</span> <span class='ocrx_word' id='word_1_155' title='bbox 219 1729 297 1759; x_wconf 90' lang='lat' dir='ltr'>eos</span> <span class='ocrx_word' id='word_1_156' title='bbox 325 1725 580 1776; x_wconf 85' lang='lat' dir='ltr'>paterentur</span> <span class='ocrx_word' id='word_1_157' title='bbox 607 1713 750 1771; x_wconf 83' lang='lat' dir='ltr'>fures,</span> <span class='ocrx_word' id='word_1_158' title='bbox 777 1713 841 1760; x_wconf 91' lang='lat' dir='ltr'>illi</span> <span class='ocrx_word' id='word_1_159' title='bbox 875 1713 1200 1776; x_wconf 86' lang='lat' dir='ltr'>responderunt</span> <span class='ocrx_word' id='word_1_160' title='bbox 1218 1754 1229 1775; x_wconf 91' lang='lat'>,</span> <span class='ocrx_word' id='word_1_161' title='bbox 1249 1722 1354 1767; x_wconf 80' lang='lat' dir='ltr'>Cru-</span> 
     </span>
     <span class='ocr_line' id='line_1_23' title="bbox 76 1782 1352 1848; baseline 0.006 -16"><span class='ocrx_word' id='word_1_162' title='bbox 76 1804 158 1832; x_wconf 84' lang='lat' dir='ltr'>cem</span> <span class='ocrx_word' id='word_1_163' title='bbox 175 1804 192 1831; x_wconf 91' lang='lat'><em>:</em></span> <span class='ocrx_word' id='word_1_164' title='bbox 218 1782 271 1832; x_wconf 67' lang='lat' dir='ltr'>ad</span> <span class='ocrx_word' id='word_1_165' title='bbox 295 1803 452 1833; x_wconf 88' lang='lat' dir='ltr'>eorum</span> <span class='ocrx_word' id='word_1_166' title='bbox 479 1786 734 1848; x_wconf 83' lang='lat' dir='ltr'>responsum</span> <span class='ocrx_word' id='word_1_167' title='bbox 750 1823 764 1844; x_wconf 92' lang='lat'><em>‚</em></span> <span class='ocrx_word' id='word_1_168' title='bbox 789 1787 833 1833; x_wconf 89' lang='lat' dir='ltr'>in</span> <span class='ocrx_word' id='word_1_169' title='bbox 865 1804 1043 1836; x_wconf 89' lang='lat' dir='ltr'>crucem</span> <span class='ocrx_word' id='word_1_170' title='bbox 1065 1790 1256 1839; x_wconf 81' lang='lat' dir='ltr'>sublatus</span> <span class='ocrx_word' id='word_1_171' title='bbox 1276 1794 1352 1845; x_wconf 83' lang='lat' dir='ltr'>est.</span> 
     </span>
     <span class='ocr_line' id='line_1_24' title="bbox 73 1858 1351 1929; baseline 0.009 -25"><span class='ocrx_word' id='word_1_172' title='bbox 73 1858 135 1905; x_wconf 79' lang='lat' dir='ltr'>ita</span> <span class='ocrx_word' id='word_1_173' title='bbox 169 1862 218 1907; x_wconf 86' lang='lat'>&amp;</span> <span class='ocrx_word' id='word_1_174' title='bbox 249 1861 450 1922; x_wconf 86' lang='lat' dir='ltr'>patronis</span> <span class='ocrx_word' id='word_1_175' title='bbox 483 1861 735 1908; x_wconf 61' lang='lat' dir='ltr'>aufiloribus</span> <span class='ocrx_word' id='word_1_176' title='bbox 768 1862 999 1910; x_wconf 78' lang='lat' dir='ltr'>damnatus</span> <span class='ocrx_word' id='word_1_177' title='bbox 1028 1865 1223 1914; x_wconf 87' lang='lat' dir='ltr'>ambitor</span> <span class='ocrx_word' id='word_1_178' title='bbox 1256 1869 1351 1929; x_wconf 88' lang='lat' dir='ltr'>est,</span> 
     </span>
     <span class='ocr_line' id='line_1_25' title="bbox 74 1933 1351 1998; baseline 0.009 -19"><span class='ocrx_word' id='word_1_179' title='bbox 74 1934 124 1979; x_wconf 87' lang='lat'>&amp;</span> <span class='ocrx_word' id='word_1_180' title='bbox 168 1933 437 1992; x_wconf 80' lang='lat' dir='ltr'>Alexandri,</span> <span class='ocrx_word' id='word_1_181' title='bbox 469 1952 603 1998; x_wconf 87' lang='lat' dir='ltr'>quam</span> <span class='ocrx_word' id='word_1_182' title='bbox 645 1935 868 1998; x_wconf 87' lang='lat' dir='ltr'>praecipue</span> <span class='ocrx_word' id='word_1_183' title='bbox 910 1937 1148 1996; x_wconf 87' lang='lat' dir='ltr'>tuebatur,</span> <span class='ocrx_word' id='word_1_184' title='bbox 1184 1941 1351 1990; x_wconf 87' lang='lat' dir='ltr'>servata</span> 
     </span>
     <span class='ocr_line' id='line_1_26' title="bbox 76 2002 1352 2073; baseline 0.009 -22"><span class='ocrx_word' id='word_1_185' title='bbox 76 2005 308 2053; x_wconf 84' lang='lat' dir='ltr'>clementia</span> <span class='ocrx_word' id='word_1_186' title='bbox 330 2007 403 2054; x_wconf 86' lang='lat' dir='ltr'>est.</span> <span class='ocrx_word' id='word_1_187' title='bbox 421 2009 588 2054; x_wconf 82' lang='lat' dir='ltr'>Statuas</span> <span class='ocrx_word' id='word_1_188' title='bbox 607 2007 796 2055; x_wconf 83' lang='lat' dir='ltr'>coloffas</span> <span class='ocrx_word' id='word_1_189' title='bbox 812 2045 823 2065; x_wconf 95' lang='lat'>‚</span> <span class='ocrx_word' id='word_1_190' title='bbox 855 2002 929 2055; x_wconf 86' lang='lat' dir='ltr'>vel</span> <span class='ocrx_word' id='word_1_191' title='bbox 947 2011 1164 2072; x_wconf 86' lang='lat' dir='ltr'>pedestres</span> <span class='ocrx_word' id='word_1_192' title='bbox 1185 2016 1352 2073; x_wconf 87' lang='lat' dir='ltr'>nudas,</span> 
     </span>
     <span class='ocr_line' id='line_1_27' title="bbox 75 2079 1353 2143; baseline 0.009 -19"><span class='ocrx_word' id='word_1_193' title='bbox 75 2079 152 2124; x_wconf 85' lang='lat' dir='ltr'>vel</span> <span class='ocrx_word' id='word_1_194' title='bbox 191 2079 410 2143; x_wconf 87' lang='lat' dir='ltr'>equestres</span> <span class='ocrx_word' id='word_1_195' title='bbox 434 2117 447 2138; x_wconf 92' lang='lat'>,</span> <span class='ocrx_word' id='word_1_196' title='bbox 488 2081 608 2128; x_wconf 88' lang='lat' dir='ltr'>divis</span> <span class='ocrx_word' id='word_1_197' title='bbox 645 2083 988 2143; x_wconf 86' lang='lat' dir='ltr'>Imperatoribus</span> <span class='ocrx_word' id='word_1_198' title='bbox 1026 2084 1071 2131; x_wconf 90' lang='lat' dir='ltr'>in</span> <span class='ocrx_word' id='word_1_199' title='bbox 1108 2084 1213 2133; x_wconf 90' lang='lat' dir='ltr'>foro</span> <span class='ocrx_word' id='word_1_200' title='bbox 1257 2088 1353 2138; x_wconf 85' lang='lat' dir='ltr'>divi</span> 
     </span>
     <span class='ocr_line' id='line_1_28' title="bbox 73 2150 1350 2218; baseline 0.009 -22"><span class='ocrx_word' id='word_1_201' title='bbox 73 2150 264 2208; x_wconf 84' lang='lat' dir='ltr'>Nervae,</span> <span class='ocrx_word' id='word_1_202' title='bbox 290 2153 412 2215; x_wconf 88' lang='lat' dir='ltr'>quod</span> <span class='ocrx_word' id='word_1_203' title='bbox 445 2154 744 2218; x_wconf 82' lang='lat' dir='ltr'>Tranfitorium</span> <span class='ocrx_word' id='word_1_204' title='bbox 775 2154 962 2207; x_wconf 84' lang='lat' dir='ltr'>dicitur,</span> <span class='ocrx_word' id='word_1_205' title='bbox 981 2154 1180 2216; x_wconf 86' lang='lat' dir='ltr'>locavit,</span> <span class='ocrx_word' id='word_1_206' title='bbox 1202 2161 1350 2208; x_wconf 91' lang='lat' dir='ltr'>omni-</span> 
     </span>
     <span class='ocr_line' id='line_1_29' title="bbox 73 2223 1350 2294; baseline 0.009 -24"><span class='ocrx_word' id='word_1_207' title='bbox 73 2223 156 2270; x_wconf 85' lang='lat' dir='ltr'>bus</span> <span class='ocrx_word' id='word_1_208' title='bbox 183 2241 284 2271; x_wconf 86' lang='lat' dir='ltr'>cum</span> <span class='ocrx_word' id='word_1_209' title='bbox 319 2224 483 2283; x_wconf 88' lang='lat' dir='ltr'>titulis,</span> <span class='ocrx_word' id='word_1_210' title='bbox 505 2227 554 2274; x_wconf 90' lang='lat'>&amp;</span> <span class='ocrx_word' id='word_1_211' title='bbox 579 2226 801 2274; x_wconf 89' lang='lat' dir='ltr'>columnis</span> <span class='ocrx_word' id='word_1_212' title='bbox 825 2227 972 2281; x_wconf 68' lang='lat' dir='ltr'>aereis,</span> <span class='ocrx_word' id='word_1_213' title='bbox 1000 2246 1099 2291; x_wconf 83' lang='lat' dir='ltr'>quae</span> <span class='ocrx_word' id='word_1_214' title='bbox 1122 2231 1350 2294; x_wconf 83' lang='lat' dir='ltr'>gestorum</span> 
     </span>
     <span class='ocr_line' id='line_1_30' title="bbox 73 2298 1350 2368; baseline 0.01 -26"><span class='ocrx_word' id='word_1_215' title='bbox 73 2298 279 2345; x_wconf 88' lang='lat' dir='ltr'>ordinem</span> <span class='ocrx_word' id='word_1_216' title='bbox 304 2300 615 2355; x_wconf 87' lang='lat' dir='ltr'>continerent,</span> <span class='ocrx_word' id='word_1_217' title='bbox 639 2302 848 2363; x_wconf 84' lang='lat' dir='ltr'>exemplo</span> <span class='ocrx_word' id='word_1_218' title='bbox 877 2303 1092 2368; x_wconf 84' lang='lat' dir='ltr'>Augusti,</span> <span class='ocrx_word' id='word_1_219' title='bbox 1123 2306 1200 2368; x_wconf 86' lang='lat' dir='ltr'>qui</span> <span class='ocrx_word' id='word_1_220' title='bbox 1234 2307 1350 2355; x_wconf 88' lang='lat' dir='ltr'>sum-</span> 
     </span>
     <span class='ocr_line' id='line_1_31' title="bbox 72 2372 1350 2429; baseline 0.009 -13"><span class='ocrx_word' id='word_1_221' title='bbox 72 2386 252 2418; x_wconf 89' lang='lat' dir='ltr'>morum</span> <span class='ocrx_word' id='word_1_222' title='bbox 277 2372 477 2419; x_wconf 83' lang='lat' dir='ltr'>virorum</span> <span class='ocrx_word' id='word_1_223' title='bbox 500 2373 658 2422; x_wconf 87' lang='lat' dir='ltr'>statuas</span> <span class='ocrx_word' id='word_1_224' title='bbox 673 2375 718 2422; x_wconf 90' lang='lat' dir='ltr'>in</span> <span class='ocrx_word' id='word_1_225' title='bbox 744 2375 850 2423; x_wconf 87' lang='lat' dir='ltr'>foro</span> <span class='ocrx_word' id='word_1_226' title='bbox 867 2377 947 2423; x_wconf 91' lang='lat' dir='ltr'>suo</span> <span class='ocrx_word' id='word_1_227' title='bbox 965 2394 989 2424; x_wconf 89' lang='lat' dir='ltr'>e</span> <span class='ocrx_word' id='word_1_228' title='bbox 1010 2394 1232 2427; x_wconf 86' lang='lat' dir='ltr'>marmore</span> <span class='ocrx_word' id='word_1_229' title='bbox 1253 2382 1350 2429; x_wconf 89' lang='lat' dir='ltr'>col-</span> 
     </span>
    </p>
   </div>
   <div class='ocr_carea' id='block_1_3' title="bbox 73 2442 1424 2587">
    <p class='ocr_par' dir='ltr' id='par_1_4' title="bbox 73 2442 1424 2587">
     <span class='ocr_line' id='line_1_32' title="bbox 73 2442 1424 2571; baseline 0.01 -82"><span class='ocrx_word' id='word_1_230' title='bbox 73 2442 278 2507; x_wconf 83' lang='lat' dir='ltr'>locavit,</span> <span class='ocrx_word' id='word_1_231' title='bbox 302 2445 461 2495; x_wconf 86' lang='lat' dir='ltr'>additis</span> <span class='ocrx_word' id='word_1_232' title='bbox 486 2446 630 2511; x_wconf 81' lang='lat' dir='ltr'>gestis,</span> <span class='ocrx_word' id='word_1_233' title='bbox 655 2448 850 2498; x_wconf 87' lang='lat' dir='ltr'>Volebat</span> <span class='ocrx_word' id='word_1_234' title='bbox 875 2449 1030 2571; x_wconf 52' lang='lat' dir='ltr'>viderg</span> <span class='ocrx_word' id='word_1_235' title='bbox 1044 2451 1264 2515; x_wconf 74' lang='lat' dir='ltr'>originem</span> <span class='ocrx_word' id='word_1_236' title='bbox 1293 2455 1350 2508; x_wconf 86' lang='lat' dir='ltr'>de</span> <span class='ocrx_word' id='word_1_237' title='bbox 1421 2494 1424 2497; x_wconf 92' lang='lat'>.</span> 
     </span>
     <span class='ocr_line' id='line_1_33' title="bbox 1066 2540 1090 2587; baseline 0 0"><span class='ocrx_word' id='word_1_238' title='bbox 1066 2540 1090 2587; x_wconf 83' lang='lat'><em>3</em></span> 
     </span>
    </p>
   </div>
  </div>
 </body>
</html>
