1714 2807
305 145 396 193 288
523 145 752 191 AELII
826 145 1405 195 LAMPRIDII

303 251 352 298 in
378 251 582 299 aerarium
605 251 827 311 contulit,
842 252 993 300 dicens
1012 289 1026 310 ,
1042 270 1236 318 gemmas
1254 254 1362 301 viris
1382 252 1479 318 usui
1502 270 1597 302 non

303 324 415 371 effe:
452 337 679 371 matronas
715 340 862 372 autem
900 327 1041 388 regias
1076 342 1310 374 contentas
1345 327 1429 374 effe
1465 327 1600 373 debe-

302 413 356 444 re
383 413 478 443 uno
514 396 735 456 reticulo,
762 412 894 462 atque
917 398 1170 456 inauribus,
1201 402 1248 446 ὅ(
1280 401 1467 446 baccato
1496 415 1599 446 mo-

303 469 484 529 nili,&
522 486 722 529 corona,
757 487 859 517 cum
894 489 978 534 qua
1012 471 1272 518 sacrificium
1305 472 1600 529 facerent‚&

305 543 448 590 unico
477 543 614 606 pallio
643 560 753 589 auro
784 545 929 605 sparso
950 580 961 599 ‚
990 548 1035 591 ὅ(
1058 547 1271 607 cyclade,
1295 563 1392 606 quae
1413 546 1485 591 sex
1514 560 1599 591 un-

305 618 400 664 cias
422 617 516 664 auri
547 618 643 679 plus
676 634 770 663 non
801 619 993 664 haberet.
1031 620 1213 664 Prorsus
1252 622 1481 666 censuram
1517 617 1600 664 suis

307 692 590 752 temporibus
618 691 671 736 de
695 692 891 753 propriis
919 692 1122 738 moribus
1149 692 1284 753 gestit.
1312 693 1474 738 Imitati
1505 693 1601 738 sunt

307 779 413 810 eum
438 764 588 826 magni
611 762 725 820 viri,
749 765 796 810 δι
820 780 1009 809 uxorem
1032 763 1126 824 ejus
1148 781 1366 811 matronae
1387 765 1597 826 pernobi-

308 837 387 883 les.
408 837 617 883 Aulicum
648 836 939 883 ministerium
973 838 1016 883 in
1045 839 1086 882 id
1117 840 1369 894 contraxit,
1397 853 1443 883 ut
1466 832 1601 884 esseut

312 924 382 957 tot
412 910 619 955 homines
645 909 690 955 in
716 909 892 972 singulis
912 911 1099 967 officiis,
1119 926 1233 972 quot
1270 913 1492 959 neceffitas
1515 927 1601 973 po-

314 982 520 1028 stularet:
548 982 607 1028 ita
638 997 686 1028 ut
721 999 954 1037 annonas,
989 1000 1080 1029 non
1114 983 1395 1046 dignitatem,
1427 981 1601 1045 aceipe-

312 1070 413 1101 rent
442 1053 634 1101 fullones
654 1092 666 1111 ‚
686 1058 733 1101 δε
760 1056 991 1103 vestitores
1009 1094 1020 1113 ,
1041 1058 1089 1103 ὅς
1118 1058 1309 1119 pictores
1324 1093 1336 1111 ‚
1358 1058 1406 1104 &
1426 1057 1602 1119 pincen-

311 1147 410 1185 καὶ,
436 1146 594 1175 omnes
624 1130 859 1176 castrensee
888 1129 1101 1184 ministri,
1126 1130 1500 1190 quemadmodum
1521 1144 1602 1190 pe·

314 1202 390 1247 ssis
420 1201 494 1247 illa
529 1201 807 1255 institueram
840 1202 912 1247 sed
941 1217 1141 1247 annonas
1178 1201 1394 1264 singulas,
1430 1201 1503 1247 vix
1534 1202 1603 1248 bi-

314 1288 408 1319 nas.
439 1275 493 1318 Et
526 1289 627 1319 cum
657 1284 888 1334 argentum
923 1270 967 1315 in
999 1272 1241 1316 ministerio
1274 1272 1370 1332 plus
1399 1270 1603 1318 ducentis

315 1345 440 1391 libris
473 1359 569 1389 non
610 1343 819 1399 haberet,
857 1360 939 1390 nec
976 1344 1119 1405 plures
1155 1343 1412 1402 ministros,
1447 1361 1603 1407 argen-

315 1430 410 1465 tum
449 1418 497 1463 δι
537 1415 762 1462 ministros
792 1429 895 1463 ante
927 1416 1109 1477 quando
1146 1416 1380 1477 poscebat,
1413 1416 1604 1477 accipie-

317 1489 396 1535 bat
433 1489 488 1534 ab
517 1487 697 1534 amicis:
726 1488 851 1551 quod
890 1487 1115 1549 hodieque
1153 1486 1232 1544 fit,
1262 1489 1290 1533 si
1325 1488 1546 1549 praestatur
1579 1504 1606 1534 a

318 1559 539 1608 Praefeffis
568 1557 747 1605 absente
787 1561 1076 1620 Imperatore.
1112 1559 1376 1620 Voluptates
1412 1558 1605 1605 scenicas

320 1636 369 1681 in
393 1632 623 1681 convivio
643 1649 866 1695 nunquam
898 1632 1078 1691 habuit,
1105 1632 1173 1678 sed
1196 1631 1362 1677 summa
1382 1631 1455 1678 illa
1476 1632 1605 1679 oble-

321 1706 459 1753 e‘latio
496 1705 608 1763 fuit,
640 1718 687 1751 ut
725 1704 860 1752 catuli
890 1721 991 1750 cum
1023 1702 1232 1765 porcellis
1267 1703 1498 1759 luderent,
1529 1715 1607 1751 aut

323 1777 529 1841 perdices
553 1777 670 1824 inter
693 1776 735 1823 se
764 1788 1035 1839 pugnarent,
1058 1788 1133 1821 aut
1160 1792 1264 1821 aves
1293 1777 1492 1837 parvulae
1518 1777 1607 1822 sur-

322 1851 418 1898 sum
447 1853 496 1898 &
520 1849 727 1896 deorsum
759 1848 1018 1894 volitarent.
1046 1846 1210 1892 Habuit
1236 1846 1334 1893 sane
1361 1849 1403 1894 in
1437 1848 1608 1897 Palatio

325 1939 464 1970 unum
485 1938 623 1985 genus
647 1920 893 1982 voluptatis
909 1955 921 1977 ‚
941 1935 1033 1982 quo
1055 1919 1246 1965 maxime
1267 1920 1501 1966 deleelatus
1522 1921 1580 1967 est
1594 1954 1609 1976 ,

325 1998 378 2043 δι
401 2011 495 2059 quo
520 1993 843 2040 sollicitudines
866 1993 1059 2055 publicas
1082 1992 1340 2039 sublevaret.
1364 2011 1461 2039 nam
1482 1993 1607 2040 avia-

327 2068 393 2116 ria
424 2066 670 2113 instituerat
708 2082 969 2128 pavonum,
1011 2063 1298 2123 fafianorum,
1336 2066 1608 2128 gallinaceo-

324 2160 429 2190 rum
447 2154 649 2199 ‚anatum
665 2177 677 2197 ‚
707 2127 936 2202 perdicum
960 2138 1113 2185 etiam:
1137 2139 1288 2201 hisque
1317 2141 1607 2187 vehementer

329 2213 661 2269 obleElabatur,
688 2211 880 2257 maxime
905 2210 1212 2273 paluniborum
1233 2248 1244 2267 ,
1271 2227 1386 2273 quos
1417 2211 1607 2260 habuisse

330 2289 386 2337 ad
410 2286 572 2352 viginti
600 2284 738 2332 millia
770 2283 955 2331 dicitur:
979 2286 1021 2330 &
1055 2299 1109 2329 ne
1139 2299 1297 2329 eorum
1329 2283 1472 2345 pastus
1507 2300 1608 2346 gra-

332 2374 460 2409 vatet
478 2376 730 2416 annonam,
758 2358 912 2405 servos
948 2356 1098 2403 habuit
1128 2357 1389 2420 veeligales,
1422 2357 1501 2419 qui
1529 2373 1608 2405 eos

334 2452 392 2483 ex
419 2435 525 2484 ovis
541 2470 556 2496 ‚
578 2451 628 2484 ac
652 2432 912 2497 pullicenis,
934 2448 985 2481 ac
1005 2431 1265 2495 pipionibus
1291 2431 1472 2480 alerent.
