1637 2785
281 147 702 195 TRIGINTA
752 148 1148 199 TYRANNL
1270 167 1363 215 127
1450 174 1456 181 ·

71 254 185 317 saepe
218 254 437 316 collegam
450 290 468 321 ,Π
492 268 825 317 nonnunquam
857 255 1247 318 commilitonem,
1276 240 1360 306 ali·

67 328 250 392 quando
272 327 405 374 etiam
426 330 747 389 Imperatorem
767 327 1026 390 appellaret.

150 464 464 521 XXIV.
531 461 668 518 DE
734 462 1266 524 TETRICO

431 591 977 652 JUNIORE.

64 757 221 803 XXV.
252 716 404 804 HIC
430 752 640 817 puerulus
665 770 689 800 a
709 753 913 802 ViEtoria
937 754 1086 802 Caesar
1111 753 1175 803 est
1201 756 1360 819 appel.-

65 831 208 889 latus‚
232 848 336 878 cum
359 830 434 876 illa
456 831 595 875 Macer
613 830 831 894 castrorum
858 829 914 876 ab
945 829 1148 876 exercitu
1181 847 1357 877 nuncu-

65 917 168 967 pata
195 904 326 962 effer,
355 901 434 965 qui
473 904 523 950 &
557 901 648 963 ipse
681 917 785 948 cum
814 914 940 965 patre
966 919 1047 965 per
1078 902 1359 965 triumphum

63 978 247 1032 ductus,
274 976 427 1039 postea
462 974 676 1021 omnibus
708 974 938 1022 senatoriis
968 976 1226 1029 honoribus
1253 976 1359 1023 fun-

63 1049 159 1096 &us
175 1048 263 1107 est,
286 1048 460 1094 illibato
485 1046 767 1110 patrimonio
784 1083 797 1107 ,
819 1048 945 1111 quod
962 1048 1146 1111 quidem
1173 1049 1230 1096 ad
1255 1047 1360 1097 suos

62 1122 268 1186 posteros
294 1121 410 1169 misit
426 1157 440 1180 ,
462 1134 512 1168 ut
537 1120 713 1169 Gellius
738 1121 897 1169 Fuscus
924 1122 1060 1178 dicit,
1084 1122 1257 1186 semper
1284 1120 1373 1169 in·¹

61 1197 210 1261 signis.
244 1196 468 1244 Narrabat
499 1212 611 1244 avus
643 1212 794 1255 meus,
824 1196 946 1244 hunc
976 1195 1056 1243 fibi
1093 1195 1359 1243 familiarem

61 1270 213 1328 fuisse,
231 1285 378 1332 neque
398 1284 672 1332 quemquam
693 1268 759 1316 illi
775 1268 831 1315 ab
849 1267 1096 1317 Aureliano
1111 1304 1125 1327 ‚
1142 1284 1218 1316 aut
1238 1268 1358 1330 post·

59 1359 115 1391 ea
138 1342 194 1389 ab
225 1343 322 1390 aliis
352 1340 658 1404 Principibus,
679 1341 762 1389 esse
788 1342 1035 1404 praelatum.
1065 1342 1356 1389 Tetricorum

59 1413 226 1462 domus
252 1414 479 1479 hodieque
500 1415 639 1462 exstat
663 1415 708 1461 in
735 1428 892 1462 monte
917 1415 1075 1462 Coelio
1098 1415 1214 1462 inter
1240 1416 1356 1463 duos

60 1486 194 1535 lucos
233 1502 395 1536 contra
428 1489 558 1536 isium
601 1488 914 1546 Metellinum,
947 1488 1273 1551 pulcherrima,
1306 1489 1355 1536 in

59 1577 149 1623 qua
171 1561 437 1608 Aurelianus
474 1561 616 1623 picius
644 1561 733 1620 est,
764 1561 944 1624 utrique
975 1573 1234 1624 praetextam
1273 1562 1355 1609 tri-

58 1633 201 1680 buens
228 1634 279 1681 &
311 1633 577 1680 senatoriam
609 1633 870 1696 dignitatem
895 1650 909 1688 3
940 1633 1170 1696 accipiens
1196 1634 1253 1680 ab
1286 1634 1355 1681 his

58 1705 309 1768 sceptrum,
338 1721 559 1752 coronam
589 1705 784 1752 civicam
817 1705 1075 1767 pifiiuratam
1103 1707 1158 1753 de
1183 1705 1355 1760 museo.

59 1795 197 1841 quam
226 1779 327 1825 'cum
357 1777 616 1834 dedicasset,
645 1778 939 1825 Aurelianum
964 1778 1110 1841 ipsum
1142 1778 1353 1828 dicuntur

60 1852 152 1899 duo
177 1850 350 1900 Tetrici
374 1851 615 1900 adhibuisse
643 1851 887 1900 convivio.

108 1990 327 2046 XXV.
376 1990 497 2046 DE
546 1992 1290 2052 TREBELLIANO.

57 2156 234 2204 XXVl.
259 2119 466 2204 PUDET
487 2156 573 2218 jam
601 2159 802 2224 persequi
824 2197 837 2219 ,
866 2160 1019 2223 quanti
1040 2160 1117 2210 sub
1134 2161 1349 2209 Gallieno

56 2228 241 2276 fuerunt
273 2231 484 2294 tyranni,
520 2231 640 2278 vitio
672 2233 804 2294 pestis
839 2234 983 2281 illius:
1011 2234 1225 2296 siquidem
1256 2246 1351 2281 erat

57 2301 106 2348 in
138 2319 195 2349 eo
221 2319 271 2350 ea
300 2304 506 2363 luxuria,
530 2317 581 2351 ut
610 2307 794 2352 rebelles
824 2307 1044 2368 plurimos
1076 2319 1349 2366 mereretur,

57 2379 108 2426 ὃ(
135 2395 186 2425 ea
217 2379 480 2438 crudelitas,
511 2393 557 2427 ut
576 2379 674 2439 jure
703 2383 947 2429 timeretur.
974 2385 1127 2443 Quare
1154 2384 1204 2430 &
1234 2383 1348 2430 Tre-

56 2450 301 2503 bellianum
331 2451 498 2509 fastum
523 2453 571 2503 in
602 2455 761 2511 lsauria
790 2456 1080 2520 Principem,
1100 2457 1204 2521 ipsis
1229 2456 1347 2513 lsauv
