1637 2785
336 147 837 197 PESCENNIUS
887 145 1160 192 NIGER.-
1297 145 1383 204 167

111 261 252 304 litem:
280 277 393 319 quem
418 260 616 319 quamdiu
636 259 817 303 timueris
833 291 847 313 ,
867 259 1026 302 tamdiu
1055 274 1139 301 non
1169 256 1382 300 timeberis.

113 337 201 378 Sed
206 335 324 395 scias
350 337 398 379 id
421 337 469 378 de
497 336 654 394 Nigro,
675 333 848 377 militem
869 333 1004 376 timere
1035 349 1120 376 non
1139 327 1275 394 poffi,
1300 327 1387 386 nisi

111 408 257 468 integri
264 407 428 465 fuerint
445 408 599 451 tribuni
618 403 661 451 δ’
683 409 804 451 duces
823 407 1017 450 militum.

174 482 251 526 IV.
274 480 381 525 Haec
407 478 460 524 de
487 478 729 524 Pescennio
753 478 944 523 Severus
965 475 1181 537 Augustus
1199 509 1212 530 ‚
1231 474 1381 521 adhuc

108 550 261 597 milite.
279 552 458 597 Marcus
476 549 607 597 etiam
639 550 901 596 Antoninus
923 550 976 594 ad
997 547 1258 594 Cornelium
1284 546 1381 592 Bal-

109 623 241 670 bum:
267 625 533 684 Pescennium
557 626 659 670 milzi
686 627 860 681 laudas,
889 623 1095 684 agnofiO:
1116 639 1213 666 nam
1241 617 1283 665 δ’
1312 624 1379 665 de·

107 693 230 757 eeffor
254 712 349 741 tuus
372 713 462 741 eum
489 714 617 741 manu
632 696 866 760 strenuum,
892 698 981 740 vita
1003 711 1166 755 gravem
1183 725 1197 748 ‚
1221 688 1264 736 ἃ
1281 691 1377 746 jam

105 783 192 812 tum
212 769 434 829 plusquam
462 771 630 815 militem
659 772 786 815 dixit.
811 771 953 829 Itaque
982 767 1080 830 mist
1111 768 1250 812 literas
1282 766 1379 809 reci-

105 844 260 886 tandas
291 841 509 905 adsigna,
526 844 678 902 'quibus
707 861 797 887 eum
829 843 1013 887 trecentis
1044 839 1308 891 Armenicis,
1336 834 1379 883 ἆ*

104 930 264 960 centurn
289 916 518 969 Sarmatis,
543 914 584 961 δ’
611 917 721 960 mille
753 916 895 981 nostris
916 912 1073 975 praeeſje
1094 911 1211 974 juffi.
1238 913 1377 956 Tuum

104 989 158 1050 est
189 989 410 1051 ostendere,
431 989 634 1034 hominem
667 1007 753 1033 non
780 990 1025 1042 ambitione,
1057 987 1198 1046 (quod
1227 985 1379 1048 nostris

102 1077 190 1103 non
215 1062 406 1105 convenit
429 1061 646 1119 moribus)
669 1063 748 1121 fid
772 1062 918 1106 virtute
944 1059 1090 1124 veniſje
1113 1062 1170 1103 ad
1192 1076 1280 1103 eum
1308 1062 1377 1102 lo-

103 1151 209 1189 cum,
226 1146 339 1195 quem
357 1153 462 1181 avus
475 1154 585 1180 meus
604 1136 873 1191 Hadrianus,
887 1153 1002 1195 quem
1020 1124 1237 1192 Trajanus
1248 1149 1376 1192 proa-

100 1225 204 1264 vus,
230 1226 314 1270 non
341 1211 419 1252 nit
448 1208 777 1269 exploratfflmis
809 1209 952 1252 dabat.
981 1207 1055 1252 De
1092 1206 1182 1252 hoc
1214 1204 1375 1250 eodem

101 1279 411 1325 Commodus:
432 1281 701 1339 Pescennium
710 1280 864 1338 fortem
883 1282 1017 1326 virum
1033 1282 1134 1325 novi
1149 1314 1162 1335 ,
1179 1276 1221 1324 δ’
1237 1280 1275 1324 ei
1296 1280 1375 1322 tri-

99 1354 279 1397 bunatus
296 1351 392 1406 jam
416 1355 517 1399 duos
544 1356 669 1399 dedi:
698 1357 891 1399 ducatum
917 1372 1019 1398 mox
1052 1354 1180 1408 dabo,
1207 1353 1276 1395 ubi
1301 1368 1376 1410 per

86 1424 328 1484 seneffutem
358 1427 500 1471 AElius
533 1429 768 1472 Corduenus
798 1428 1080 1486 rempublicam
1117 1424 1373 1483 recusaverit.

96 1495 205 1541 Haec
235 1495 288 1541 de
319 1512 375 1542 eo
406 1496 568 1558 judicia
595 1498 801 1544 omnium
831 1497 1022 1545 fuerunt.
1045 1497 1128 1542 Sed
1157 1498 1205 1544 &
1236 1496 1373 1541 Seve-²

96 1585 172 1615 rus
192 1569 281 1630 ipse
305 1568 419 1633 saepe
439 1571 579 1628 dixit,
601 1575 835 1633 ignoturum
851 1573 897 1631 se
914 1573 1164 1632 Pescennio,
1187 1569 1272 1633 nisi
1278 1589 1373 1630 per-

84 1642 301 1702 severaret.
330 1645 367 1688 A
395 1644 657 1691 Commodo
683 1644 876 1707 denique
907 1643 1171 1689 Pescennius
1198 1640 1373 1689 Consul

94 1712 370 1771 declaratus,
400 1715 568 1762 Severo
595 1716 854 1778 praepofitus
883 1716 968 1762 est:
1001 1716 1048 1762 &
1080 1714 1256 1777 quidem
1280 1713 1370 1760 ira·

93 1801 146 1831 το
162 1820 175 1842 ,
196 1788 320 1848 quod
349 1787 693 1850 primipilaribus
720 1787 1164 1843 commendantibus,
1189 1787 1369 1834 Consu-

92 1857 231 1905 latum
265 1859 403 1924 Niger
427 1873 686 1909 mereretur.
713 1863 762 1907 In
790 1861 884 1908 vita
915 1861 990 1908 sua
1015 1862 1208 1917 Severus
1235 1860 1371 1920 dicit,

94 1929 162 1986 se,
182 1930 436 1995 priusquam
468 1933 549 1980 filii
568 1933 631 1980 sui
660 1934 706 1980 id
736 1933 876 1982 aetatis
893 1935 1129 1991 haberent,
1152 1947 1202 1980 ut
1222 1932 1371 1996 impe-

95 2019 189 2050 rare
211 2004 384 2065 possent
400 2041 414 2063 ,
441 2019 731 2069 aegrotantem
754 2008 798 2054 id
816 2008 860 2055 in
889 2007 1042 2054 animo
1070 2006 1285 2064 habuisse,
1304 2019 1372 2065 ut,

93 2073 127 2119 fi
157 2074 265 2136 quid
297 2075 414 2124 sorte
447 2078 524 2124 fibi
559 2079 810 2138 accidisset,
844 2080 981 2145 Niger
1008 2080 1270 2128 Pescennius
1302 2080 1370 2126 ei-

94 2148 196 2193 dem
215 2149 263 2195 &
286 2148 472 2196 Clodius
496 2152 687 2200 Albinus
712 2153 996 2202 succederent
1011 2191 1023 2212 ‚
1043 2156 1122 2220 qui
1141 2156 1273 2202 ambo
1293 2157 1368 2202 Se·-

94 2235 208 2266 vero
237 2221 476 2282 graviffimi
504 2224 648 2271 hostes
683 2226 958 2275 exstiterunt.
992 2229 1125 2276 Unde
1156 2240 1370 2290 apparet,

93 2294 220 2355 quod
245 2294 376 2341 etiam
401 2297 555 2344 Severi
583 2299 636 2345 de
662 2300 909 2348 Pescennio
941 2301 1156 2361 judicium
1189 2301 1334 2351 fuerit.

159 2369 216 2413 V.
245 2367 289 2413 Si
316 2369 486 2417 Severo
516 2371 761 2432 credimus,
784 2373 867 2421 fuit
892 2375 1050 2438 gloriae
1076 2375 1267 2438 cupidus
1282 2377 1366 2423 Ni„

92 2454 201 2501 ger,
229 2440 322 2488 vita
347 2439 496 2502 fifius,
527 2445 725 2494 moribus
755 2448 926 2511 turpis,
951 2448 1091 2495 ae-tatis
1111 2450 1367 2514 provectae,

988 2523 1022 2568 L
1058 2539 1092 2581 4
