<?xml version="1.0" encoding="UTF-8"?>
<!DOCTYPE html PUBLIC "-//W3C//DTD XHTML 1.0 Transitional//EN"
    "http://www.w3.org/TR/xhtml1/DTD/xhtml1-transitional.dtd">
<html xmlns="http://www.w3.org/1999/xhtml" xml:lang="en" lang="en">
 <head>
  <title>
</title>
<meta http-equiv="Content-Type" content="text/html;charset=utf-8" />
  <meta name='ocr-system' content='tesseract 3.04.00' />
  <meta name='ocr-capabilities' content='ocr_page ocr_carea ocr_par ocr_line ocrx_word'/>
</head>
<body>
  <div class='ocr_page' id='page_1' title='image "./historiaeaugusta00bipouoft_0489.png"; bbox 0 0 1637 2785; ppageno 0'>
   <div class='ocr_carea' id='block_1_1' title="bbox 156 152 1364 239">
    <p class='ocr_par' dir='ltr' id='par_1_1' title="bbox 156 152 1364 239">
     <span class='ocr_line' id='line_1_1' title="bbox 156 152 1364 239; baseline 0.002 -42"><span class='ocrx_word' id='word_1_1' title='bbox 156 220 175 239; x_wconf 32' lang='grc' dir='ltr'>ἔ</span> <span class='ocrx_word' id='word_1_2' title='bbox 328 152 1129 200; x_wconf 77' lang='lat' dir='ltr'>GALLlENtDUO.</span> <span class='ocrx_word' id='word_1_3' title='bbox 1309 170 1364 217; x_wconf 80' lang='lat'>91</span> 
     </span>
    </p>
   </div>
   <div class='ocr_carea' id='block_1_2' title="bbox 95 258 1389 2433">
    <p class='ocr_par' dir='ltr' id='par_1_2' title="bbox 95 258 1386 1772">
     <span class='ocr_line' id='line_1_2' title="bbox 95 258 1370 323; baseline 0.002 -18"><span class='ocrx_word' id='word_1_4' title='bbox 95 272 214 307; x_wconf 73' lang='lat' dir='ltr'>runt.</span> <span class='ocrx_word' id='word_1_5' title='bbox 241 260 393 320; x_wconf 82' lang='lat' dir='ltr'><strong>Quare</strong></span> <span class='ocrx_word' id='word_1_6' title='bbox 416 258 578 306; x_wconf 84' lang='lat' dir='ltr'>milites</span> <span class='ocrx_word' id='word_1_7' title='bbox 602 260 762 307; x_wconf 87' lang='lat' dir='ltr'>iterum</span> <span class='ocrx_word' id='word_1_8' title='bbox 787 260 840 307; x_wconf 92' lang='lat' dir='ltr'>de</span> <span class='ocrx_word' id='word_1_9' title='bbox 859 277 990 308; x_wconf 89' lang='lat' dir='ltr'>novo</span> <span class='ocrx_word' id='word_1_10' title='bbox 1012 263 1284 323; x_wconf 85' lang='lat' dir='ltr'>Imperatore</span> <span class='ocrx_word' id='word_1_11' title='bbox 1307 260 1370 308; x_wconf 80' lang='lat' dir='ltr'>fa·</span> 
     </span>
     <span class='ocr_line' id='line_1_3' title="bbox 96 331 1373 394; baseline 0.002 -17"><span class='ocrx_word' id='word_1_12' title='bbox 96 331 259 377; x_wconf 90' lang='lat' dir='ltr'>ciendo</span> <span class='ocrx_word' id='word_1_13' title='bbox 288 331 625 394; x_wconf 86' lang='lat' dir='ltr'>cogitaverunt:</span> <span class='ocrx_word' id='word_1_14' title='bbox 655 347 772 394; x_wconf 86' lang='lat' dir='ltr'>quos</span> <span class='ocrx_word' id='word_1_15' title='bbox 805 348 963 379; x_wconf 88' lang='lat' dir='ltr'>omnes</span> <span class='ocrx_word' id='word_1_16' title='bbox 988 334 1219 380; x_wconf 81' lang='lat' dir='ltr'>Gallienus</span> <span class='ocrx_word' id='word_1_17' title='bbox 1249 350 1373 380; x_wconf 87' lang='lat' dir='ltr'>more</span> 
     </span>
     <span class='ocr_line' id='line_1_4' title="bbox 95 401 1374 465; baseline 0.003 -17"><span class='ocrx_word' id='word_1_18' title='bbox 95 401 204 460; x_wconf 89' lang='lat' dir='ltr'>su0‚</span> <span class='ocrx_word' id='word_1_19' title='bbox 232 418 332 449; x_wconf 87' lang='lat' dir='ltr'>cum</span> <span class='ocrx_word' id='word_1_20' title='bbox 366 402 540 464; x_wconf 87' lang='lat' dir='ltr'>placare</span> <span class='ocrx_word' id='word_1_21' title='bbox 565 415 696 465; x_wconf 83' lang='lat' dir='ltr'>atque</span> <span class='ocrx_word' id='word_1_22' title='bbox 726 403 772 449; x_wconf 89' lang='lat' dir='ltr'>in</span> <span class='ocrx_word' id='word_1_23' title='bbox 800 404 984 465; x_wconf 80' lang='lat' dir='ltr'>gratiam</span> <span class='ocrx_word' id='word_1_24' title='bbox 1018 405 1132 450; x_wconf 89' lang='lat' dir='ltr'>suam</span> <span class='ocrx_word' id='word_1_25' title='bbox 1162 405 1374 452; x_wconf 81' lang='lat' dir='ltr'>reducere</span> 
     </span>
     <span class='ocr_line' id='line_1_5' title="bbox 97 476 1374 538; baseline 0.003 -17"><span class='ocrx_word' id='word_1_26' title='bbox 97 492 189 521; x_wconf 85' lang='lat' dir='ltr'>non</span> <span class='ocrx_word' id='word_1_27' title='bbox 222 476 393 538; x_wconf 72' lang='lat' dir='ltr'>posset,</span> <span class='ocrx_word' id='word_1_28' title='bbox 432 476 618 524; x_wconf 82' lang='lat' dir='ltr'>occidit.</span> <span class='ocrx_word' id='word_1_29' title='bbox 656 477 772 522; x_wconf 81' lang='lat' dir='ltr'>Cum</span> <span class='ocrx_word' id='word_1_30' title='bbox 811 489 953 522; x_wconf 76' lang='lat' dir='ltr'>tamen</span> <span class='ocrx_word' id='word_1_31' title='bbox 995 476 1075 524; x_wconf 83' lang='lat' dir='ltr'>fibi</span> <span class='ocrx_word' id='word_1_32' title='bbox 1109 477 1274 524; x_wconf 83' lang='lat' dir='ltr'>milites</span> <span class='ocrx_word' id='word_1_33' title='bbox 1305 478 1374 525; x_wconf 88' lang='lat' dir='ltr'>di-</span> 
     </span>
     <span class='ocr_line' id='line_1_6' title="bbox 96 549 1376 611; baseline 0.003 -19"><span class='ocrx_word' id='word_1_34' title='bbox 96 549 508 611; x_wconf 75' lang='lat' dir='ltr'>gnum&#39;Principern</span> <span class='ocrx_word' id='word_1_35' title='bbox 538 562 818 611; x_wconf 67' lang='lat' dir='ltr'>quaererent,</span> <span class='ocrx_word' id='word_1_36' title='bbox 841 549 1074 595; x_wconf 76' lang='lat' dir='ltr'>Gallienus</span> <span class='ocrx_word' id='word_1_37' title='bbox 1098 550 1214 611; x_wconf 89' lang='lat' dir='ltr'>apud</span> <span class='ocrx_word' id='word_1_38' title='bbox 1239 551 1376 597; x_wconf 85' lang='lat' dir='ltr'>Athe·</span> 
     </span>
     <span class='ocr_line' id='line_1_7' title="bbox 96 622 1377 686; baseline 0.002 -18"><span class='ocrx_word' id='word_1_39' title='bbox 96 639 172 668; x_wconf 84' lang='lat' dir='ltr'>nas</span> <span class='ocrx_word' id='word_1_40' title='bbox 197 623 380 668; x_wconf 86' lang='lat' dir='ltr'>Archon</span> <span class='ocrx_word' id='word_1_41' title='bbox 410 636 529 680; x_wconf 86' lang='lat' dir='ltr'>erat,</span> <span class='ocrx_word' id='word_1_42' title='bbox 558 623 602 669; x_wconf 91' lang='lat' dir='ltr'>id</span> <span class='ocrx_word' id='word_1_43' title='bbox 624 622 708 681; x_wconf 91' lang='lat' dir='ltr'>est,</span> <span class='ocrx_word' id='word_1_44' title='bbox 737 622 931 670; x_wconf 89' lang='lat' dir='ltr'>summus</span> <span class='ocrx_word' id='word_1_45' title='bbox 962 623 1263 686; x_wconf 83' lang='lat' dir='ltr'>magistratus,</span> <span class='ocrx_word' id='word_1_46' title='bbox 1292 641 1377 670; x_wconf 85' lang='lat' dir='ltr'>va-</span> 
     </span>
     <span class='ocr_line' id='line_1_8' title="bbox 96 696 1380 759; baseline 0.002 -18"><span class='ocrx_word' id='word_1_47' title='bbox 96 696 234 742; x_wconf 87' lang='lat' dir='ltr'>nitate</span> <span class='ocrx_word' id='word_1_48' title='bbox 255 697 356 755; x_wconf 59' lang='lat' dir='ltr'>illa,</span> <span class='ocrx_word' id='word_1_49' title='bbox 372 713 459 759; x_wconf 83' lang='lat' dir='ltr'>qua</span> <span class='ocrx_word' id='word_1_50' title='bbox 489 699 536 745; x_wconf 87' lang='lat'>&amp;</span> <span class='ocrx_word' id='word_1_51' title='bbox 560 697 672 745; x_wconf 81' lang='lat' dir='ltr'>civis</span> <span class='ocrx_word' id='word_1_52' title='bbox 700 696 888 745; x_wconf 83' lang='lat' dir='ltr'>adscribi</span> <span class='ocrx_word' id='word_1_53' title='bbox 909 697 1206 752; x_wconf 79' lang='lat' dir='ltr'>desiderabat,</span> <span class='ocrx_word' id='word_1_54' title='bbox 1229 699 1276 744; x_wconf 88' lang='lat'>&amp;</span> <span class='ocrx_word' id='word_1_55' title='bbox 1310 697 1380 748; x_wconf 80' lang='lat' dir='ltr'>sa-,</span> 
     </span>
     <span class='ocr_line' id='line_1_9' title="bbox 95 770 1379 836; baseline 0.002 -20"><span class='ocrx_word' id='word_1_56' title='bbox 95 770 181 817; x_wconf 89' lang='lat' dir='ltr'>cris</span> <span class='ocrx_word' id='word_1_57' title='bbox 218 772 428 818; x_wconf 88' lang='lat' dir='ltr'>omnibus</span> <span class='ocrx_word' id='word_1_58' title='bbox 459 772 689 820; x_wconf 83' lang='lat' dir='ltr'>intereffe:</span> <span class='ocrx_word' id='word_1_59' title='bbox 723 773 846 832; x_wconf 81' lang='lat' dir='ltr'>quod</span> <span class='ocrx_word' id='word_1_60' title='bbox 876 788 1024 836; x_wconf 90' lang='lat' dir='ltr'>neque</span> <span class='ocrx_word' id='word_1_61' title='bbox 1053 771 1302 819; x_wconf 84' lang='lat' dir='ltr'>Hadrianus</span> <span class='ocrx_word' id='word_1_62' title='bbox 1329 771 1379 818; x_wconf 85' lang='lat' dir='ltr'>in</span> 
     </span>
     <span class='ocr_line' id='line_1_10' title="bbox 97 841 1380 908; baseline 0.003 -21"><span class='ocrx_word' id='word_1_63' title='bbox 97 841 265 890; x_wconf 86' lang='lat' dir='ltr'>summa</span> <span class='ocrx_word' id='word_1_64' title='bbox 288 843 526 900; x_wconf 84' lang='lat' dir='ltr'>felicitate,</span> <span class='ocrx_word' id='word_1_65' title='bbox 554 862 696 908; x_wconf 82' lang='lat' dir='ltr'>neque</span> <span class='ocrx_word' id='word_1_66' title='bbox 724 845 984 892; x_wconf 82' lang='lat' dir='ltr'>Antoninus</span> <span class='ocrx_word' id='word_1_67' title='bbox 1011 845 1057 890; x_wconf 88' lang='lat' dir='ltr'>in</span> <span class='ocrx_word' id='word_1_68' title='bbox 1087 844 1234 891; x_wconf 88' lang='lat' dir='ltr'>adulta</span> <span class='ocrx_word' id='word_1_69' title='bbox 1257 844 1380 893; x_wconf 87' lang='lat' dir='ltr'>fece-</span> 
     </span>
     <span class='ocr_line' id='line_1_11' title="bbox 99 916 1381 979; baseline 0.002 -19"><span class='ocrx_word' id='word_1_70' title='bbox 99 928 162 961; x_wconf 83' lang='lat' dir='ltr'>rat</span> <span class='ocrx_word' id='word_1_71' title='bbox 197 933 333 979; x_wconf 78' lang='lat' dir='ltr'>pace3</span> <span class='ocrx_word' id='word_1_72' title='bbox 365 933 468 963; x_wconf 83' lang='lat' dir='ltr'>cum</span> <span class='ocrx_word' id='word_1_73' title='bbox 500 929 628 963; x_wconf 81' lang='lat' dir='ltr'>tanto</span> <span class='ocrx_word' id='word_1_74' title='bbox 664 916 810 963; x_wconf 75' lang='lat' dir='ltr'>studio</span> <span class='ocrx_word' id='word_1_75' title='bbox 842 918 1102 964; x_wconf 86' lang='lat' dir='ltr'>Graecarum</span> <span class='ocrx_word' id='word_1_76' title='bbox 1136 916 1256 963; x_wconf 56' lang='lat' dir='ltr'>docti</span> <span class='ocrx_word' id='word_1_77' title='bbox 1282 916 1381 963; x_wconf 87' lang='lat' dir='ltr'>fue-</span> 
     </span>
     <span class='ocr_line' id='line_1_12' title="bbox 101 988 1380 1051; baseline 0.004 -19"><span class='ocrx_word' id='word_1_78' title='bbox 101 988 190 1034; x_wconf 80' lang='lat' dir='ltr'>rint</span> <span class='ocrx_word' id='word_1_79' title='bbox 225 988 452 1049; x_wconf 84' lang='lat' dir='ltr'>literarum</span> <span class='ocrx_word' id='word_1_80' title='bbox 474 1024 488 1048; x_wconf 89' lang='lat'><strong>,</strong></span> <span class='ocrx_word' id='word_1_81' title='bbox 517 1002 566 1035; x_wconf 91' lang='lat' dir='ltr'>ut</span> <span class='ocrx_word' id='word_1_82' title='bbox 597 1005 700 1035; x_wconf 86' lang='lat' dir='ltr'>raro</span> <span class='ocrx_word' id='word_1_83' title='bbox 736 988 957 1051; x_wconf 82' lang='lat' dir='ltr'>aliquibus</span> <span class='ocrx_word' id='word_1_84' title='bbox 985 989 1242 1037; x_wconf 73' lang='lat' dir='ltr'>dofflffimis</span> <span class='ocrx_word' id='word_1_85' title='bbox 1286 1007 1380 1037; x_wconf 83' lang='lat' dir='ltr'>ma-</span> 
     </span>
     <span class='ocr_line' id='line_1_13' title="bbox 97 1061 1382 1127; baseline -0.001 -18"><span class='ocrx_word' id='word_1_86' title='bbox 97 1079 291 1127; x_wconf 87' lang='lat' dir='ltr'>gnorum</span> <span class='ocrx_word' id='word_1_87' title='bbox 313 1061 502 1108; x_wconf 84' lang='lat' dir='ltr'>arbitrio</span> <span class='ocrx_word' id='word_1_88' title='bbox 534 1061 738 1109; x_wconf 70' lang='lat' dir='ltr'>cesserint</span> <span class='ocrx_word' id='word_1_89' title='bbox 762 1062 981 1109; x_wconf 84' lang='lat' dir='ltr'>virorum.</span> <span class='ocrx_word' id='word_1_90' title='bbox 1007 1062 1382 1125; x_wconf 83' lang='lat' dir='ltr'>Areopagitarum</span> 
     </span>
     <span class='ocr_line' id='line_1_14' title="bbox 96 1131 1382 1195; baseline 0.002 -18"><span class='ocrx_word' id='word_1_91' title='bbox 96 1145 310 1195; x_wconf 78' lang='lat' dir='ltr'>praeterea</span> <span class='ocrx_word' id='word_1_92' title='bbox 333 1132 541 1193; x_wconf 88' lang='lat' dir='ltr'>cupiebat</span> <span class='ocrx_word' id='word_1_93' title='bbox 566 1131 707 1194; x_wconf 81' lang='lat' dir='ltr'>ingeri</span> <span class='ocrx_word' id='word_1_94' title='bbox 736 1147 956 1190; x_wconf 82' lang='lat' dir='ltr'>numero,</span> <span class='ocrx_word' id='word_1_95' title='bbox 984 1145 1212 1179; x_wconf 83' lang='lat' dir='ltr'>contemta</span> <span class='ocrx_word' id='word_1_96' title='bbox 1237 1149 1382 1195; x_wconf 79' lang='lat' dir='ltr'>prope</span> 
     </span>
     <span class='ocr_line' id='line_1_15' title="bbox 96 1203 1382 1266; baseline -0.002 -14"><span class='ocrx_word' id='word_1_97' title='bbox 96 1205 340 1266; x_wconf 79' lang='lat' dir='ltr'>republica.</span> <span class='ocrx_word' id='word_1_98' title='bbox 374 1204 472 1251; x_wconf 86' lang='lat' dir='ltr'>Fuit</span> <span class='ocrx_word' id='word_1_99' title='bbox 504 1204 623 1250; x_wconf 77' lang='lat' dir='ltr'>enim</span> <span class='ocrx_word' id='word_1_100' title='bbox 658 1203 914 1260; x_wconf 87' lang='lat' dir='ltr'>Gallienus,</span> <span class='ocrx_word' id='word_1_101' title='bbox 942 1204 1069 1266; x_wconf 86' lang='lat' dir='ltr'>quod</span> <span class='ocrx_word' id='word_1_102' title='bbox 1099 1204 1251 1266; x_wconf 78' lang='lat' dir='ltr'>negari</span> <span class='ocrx_word' id='word_1_103' title='bbox 1285 1221 1382 1251; x_wconf 77' lang='lat' dir='ltr'>non</span> 
     </span>
     <span class='ocr_line' id='line_1_16' title="bbox 97 1275 1383 1340; baseline -0.001 -17"><span class='ocrx_word' id='word_1_104' title='bbox 97 1276 270 1340; x_wconf 86' lang='lat' dir='ltr'>potest,</span> <span class='ocrx_word' id='word_1_105' title='bbox 294 1275 532 1332; x_wconf 87' lang='lat' dir='ltr'>oratione,</span> <span class='ocrx_word' id='word_1_106' title='bbox 557 1291 789 1337; x_wconf 83' lang='lat' dir='ltr'>poemate,</span> <span class='ocrx_word' id='word_1_107' title='bbox 809 1288 944 1338; x_wconf 88' lang='lat' dir='ltr'>atque</span> <span class='ocrx_word' id='word_1_108' title='bbox 973 1275 1185 1322; x_wconf 86' lang='lat' dir='ltr'>omnibus</span> <span class='ocrx_word' id='word_1_109' title='bbox 1215 1276 1383 1322; x_wconf 83' lang='lat' dir='ltr'>artibus</span> 
     </span>
     <span class='ocr_line' id='line_1_17' title="bbox 98 1347 1385 1412; baseline -0.002 -15"><span class='ocrx_word' id='word_1_110' title='bbox 98 1350 260 1398; x_wconf 88' lang='lat' dir='ltr'>clarus.</span> <span class='ocrx_word' id='word_1_111' title='bbox 297 1347 430 1411; x_wconf 82' lang='lat' dir='ltr'>hujus</span> <span class='ocrx_word' id='word_1_112' title='bbox 464 1348 526 1397; x_wconf 88' lang='lat' dir='ltr'>est</span> <span class='ocrx_word' id='word_1_113' title='bbox 568 1348 680 1395; x_wconf 89' lang='lat' dir='ltr'>illud</span> <span class='ocrx_word' id='word_1_114' title='bbox 712 1348 1074 1410; x_wconf 78' lang='lat' dir='ltr'>epithalamium,</span> <span class='ocrx_word' id='word_1_115' title='bbox 1107 1350 1232 1412; x_wconf 84' lang='lat' dir='ltr'>und</span> <span class='ocrx_word' id='word_1_116' title='bbox 1268 1348 1385 1395; x_wconf 78' lang='lat' dir='ltr'>inter</span> 
     </span>
     <span class='ocr_line' id='line_1_18' title="bbox 99 1421 1385 1484; baseline -0.001 -16"><span class='ocrx_word' id='word_1_117' title='bbox 99 1436 278 1468; x_wconf 87' lang='lat' dir='ltr'>centum</span> <span class='ocrx_word' id='word_1_118' title='bbox 311 1435 466 1484; x_wconf 87' lang='lat' dir='ltr'>poetas</span> <span class='ocrx_word' id='word_1_119' title='bbox 497 1421 773 1484; x_wconf 82' lang='lat' dir='ltr'>praecipuum</span> <span class='ocrx_word' id='word_1_120' title='bbox 798 1421 893 1470; x_wconf 91' lang='lat' dir='ltr'>fuit.</span> <span class='ocrx_word' id='word_1_121' title='bbox 925 1439 1027 1468; x_wconf 91' lang='lat' dir='ltr'>nam</span> <span class='ocrx_word' id='word_1_122' title='bbox 1057 1438 1158 1468; x_wconf 83' lang='lat' dir='ltr'>cum</span> <span class='ocrx_word' id='word_1_123' title='bbox 1193 1422 1385 1468; x_wconf 86' lang='lat' dir='ltr'>fratrum</span> 
     </span>
     <span class='ocr_line' id='line_1_19' title="bbox 97 1493 1384 1558; baseline 0.001 -18"><span class='ocrx_word' id='word_1_124' title='bbox 97 1493 281 1540; x_wconf 84' lang='lat' dir='ltr'>suorum</span> <span class='ocrx_word' id='word_1_125' title='bbox 312 1493 433 1541; x_wconf 86' lang='lat' dir='ltr'>filios</span> <span class='ocrx_word' id='word_1_126' title='bbox 465 1493 753 1557; x_wconf 83' lang='lat' dir='ltr'>conjugaret,</span> <span class='ocrx_word' id='word_1_127' title='bbox 785 1497 834 1543; x_wconf 75' lang='grc' dir='ltr'>δε</span> <span class='ocrx_word' id='word_1_128' title='bbox 861 1511 1020 1542; x_wconf 87' lang='lat' dir='ltr'>omnes</span> <span class='ocrx_word' id='word_1_129' title='bbox 1051 1510 1198 1558; x_wconf 64' lang='lat' dir='ltr'>poetae</span> <span class='ocrx_word' id='word_1_130' title='bbox 1231 1496 1384 1542; x_wconf 81' lang='lat' dir='ltr'>Graeci</span> 
     </span>
     <span class='ocr_line' id='line_1_20' title="bbox 98 1567 1386 1632; baseline 0.002 -20"><span class='ocrx_word' id='word_1_131' title='bbox 98 1567 336 1630; x_wconf 80' lang='lat' dir='ltr'>Latinique</span> <span class='ocrx_word' id='word_1_132' title='bbox 356 1568 639 1630; x_wconf 74' lang='lat' dir='ltr'>epithalamia</span> <span class='ocrx_word' id='word_1_133' title='bbox 662 1569 894 1627; x_wconf 73' lang='lat' dir='ltr'>dixissent,</span> <span class='ocrx_word' id='word_1_134' title='bbox 915 1569 1049 1632; x_wconf 81' lang='lat' dir='ltr'>idque</span> <span class='ocrx_word' id='word_1_135' title='bbox 1071 1586 1148 1630; x_wconf 84' lang='lat' dir='ltr'>per</span> <span class='ocrx_word' id='word_1_136' title='bbox 1169 1570 1260 1615; x_wconf 85' lang='lat' dir='ltr'>dies</span> <span class='ocrx_word' id='word_1_137' title='bbox 1284 1570 1386 1631; x_wconf 81' lang='lat' dir='ltr'>plu-</span> 
     </span>
     <span class='ocr_line' id='line_1_21' title="bbox 99 1639 1386 1704; baseline 0.002 -19"><span class='ocrx_word' id='word_1_138' title='bbox 99 1639 241 1685; x_wconf 89' lang='lat' dir='ltr'>rimos</span> <span class='ocrx_word' id='word_1_139' title='bbox 255 1674 268 1697; x_wconf 91' lang='lat'><strong>,</strong></span> <span class='ocrx_word' id='word_1_140' title='bbox 287 1656 387 1686; x_wconf 88' lang='lat' dir='ltr'>cum</span> <span class='ocrx_word' id='word_1_141' title='bbox 409 1640 483 1685; x_wconf 87' lang='lat' dir='ltr'>ille</span> <span class='ocrx_word' id='word_1_142' title='bbox 514 1656 670 1686; x_wconf 89' lang='lat' dir='ltr'>manus</span> <span class='ocrx_word' id='word_1_143' title='bbox 699 1640 964 1702; x_wconf 85' lang='lat' dir='ltr'>sponsorum</span> <span class='ocrx_word' id='word_1_144' title='bbox 990 1655 1190 1699; x_wconf 72' lang='lat' dir='ltr'>teneret,</span> <span class='ocrx_word' id='word_1_145' title='bbox 1210 1656 1260 1688; x_wconf 90' lang='lat' dir='ltr'>ut</span> <span class='ocrx_word' id='word_1_146' title='bbox 1279 1642 1386 1704; x_wconf 80' lang='lat' dir='ltr'>qui-</span> 
     </span>
     <span class='ocr_line' id='line_1_22' title="bbox 99 1710 1017 1772; baseline 0.002 -15"><span class='ocrx_word' id='word_1_147' title='bbox 99 1710 197 1757; x_wconf 83' lang='lat' dir='ltr'>dam</span> <span class='ocrx_word' id='word_1_148' title='bbox 216 1711 397 1768; x_wconf 79' lang='lat' dir='ltr'>dicunt,</span> <span class='ocrx_word' id='word_1_149' title='bbox 421 1711 578 1772; x_wconf 77' lang='lat' dir='ltr'>saepius</span> <span class='ocrx_word' id='word_1_150' title='bbox 598 1712 657 1758; x_wconf 89' lang='lat' dir='ltr'>ita</span> <span class='ocrx_word' id='word_1_151' title='bbox 675 1713 829 1759; x_wconf 81' lang='lat' dir='ltr'>dixisse</span> <span class='ocrx_word' id='word_1_152' title='bbox 854 1712 1017 1760; x_wconf 84' lang='lat' dir='ltr'>fertur:</span> 
     </span>
    </p>

    <p class='ocr_par' dir='ltr' id='par_1_3' title="bbox 165 1787 1102 1847">
     <span class='ocr_line' id='line_1_23' title="bbox 165 1787 1102 1847; baseline 0.001 -16"><span class='ocrx_word' id='word_1_153' title='bbox 165 1787 225 1831; x_wconf 85' lang='lat' dir='ltr'>Ite</span> <span class='ocrx_word' id='word_1_154' title='bbox 239 1820 252 1841; x_wconf 87' lang='lat'>,</span> <span class='ocrx_word' id='word_1_155' title='bbox 270 1787 355 1842; x_wconf 84' lang='lat' dir='ltr'>ait,</span> <span class='ocrx_word' id='word_1_156' title='bbox 382 1804 405 1830; x_wconf 83' lang='lat' dir='ltr'>o</span> <span class='ocrx_word' id='word_1_157' title='bbox 419 1788 561 1845; x_wconf 78' lang='lat' dir='ltr'>pueri,</span> <span class='ocrx_word' id='word_1_158' title='bbox 578 1790 735 1847; x_wconf 77' lang='lat' dir='ltr'>pariter</span> <span class='ocrx_word' id='word_1_159' title='bbox 740 1789 892 1846; x_wconf 52' lang='lat' dir='ltr'>sudate</span> <span class='ocrx_word' id='word_1_160' title='bbox 910 1789 1102 1833; x_wconf 78' lang='lat' dir='ltr'>medullis</span> 
     </span>
    </p>

    <p class='ocr_par' dir='ltr' id='par_1_4' title="bbox 170 1859 1338 1926">
     <span class='ocr_line' id='line_1_24' title="bbox 170 1859 1338 1926; baseline 0.004 -23"><span class='ocrx_word' id='word_1_161' title='bbox 170 1859 381 1904; x_wconf 71' lang='lat' dir='ltr'>Omnibus</span> <span class='ocrx_word' id='word_1_162' title='bbox 398 1862 502 1904; x_wconf 77' lang='lat' dir='ltr'>inter</span> <span class='ocrx_word' id='word_1_163' title='bbox 519 1877 593 1905; x_wconf 77' lang='lat' dir='ltr'>vos</span> <span class='ocrx_word' id='word_1_164' title='bbox 607 1879 623 1905; x_wconf 94' lang='lat'>.·</span> <span class='ocrx_word' id='word_1_165' title='bbox 642 1878 728 1904; x_wconf 77' lang='lat' dir='ltr'>non</span> <span class='ocrx_word' id='word_1_166' title='bbox 746 1879 955 1906; x_wconf 83' lang='lat' dir='ltr'>murmura</span> <span class='ocrx_word' id='word_1_167' title='bbox 974 1861 1098 1926; x_wconf 72' lang='lat' dir='ltr'>vcssrcz</span> <span class='ocrx_word' id='word_1_168' title='bbox 1119 1864 1311 1908; x_wconf 73' lang='lat' dir='ltr'>colzcmbae</span> <span class='ocrx_word' id='word_1_169' title='bbox 1323 1896 1338 1919; x_wconf 86' lang='lat'><strong>,</strong></span> 
     </span>
    </p>

    <p class='ocr_par' dir='ltr' id='par_1_5' title="bbox 102 1932 1389 2290">
     <span class='ocr_line' id='line_1_25' title="bbox 165 1932 1304 1993; baseline 0.004 -18"><span class='ocrx_word' id='word_1_170' title='bbox 165 1932 350 1976; x_wconf 66' lang='lat' dir='ltr'>Brachia</span> <span class='ocrx_word' id='word_1_171' title='bbox 366 1949 451 1976; x_wconf 74' lang='lat' dir='ltr'>non</span> <span class='ocrx_word' id='word_1_172' title='bbox 471 1933 621 1977; x_wconf 81' lang='lat' dir='ltr'>lzederae</span> <span class='ocrx_word' id='word_1_173' title='bbox 637 1968 649 1986; x_wconf 93' lang='lat'>,</span> <span class='ocrx_word' id='word_1_174' title='bbox 674 1950 758 1977; x_wconf 76' lang='lat' dir='ltr'>non</span> <span class='ocrx_word' id='word_1_175' title='bbox 778 1935 951 1979; x_wconf 70' lang='lat' dir='ltr'>vincant</span> <span class='ocrx_word' id='word_1_176' title='bbox 974 1935 1113 1993; x_wconf 79' lang='lat' dir='ltr'>oscula</span> <span class='ocrx_word' id='word_1_177' title='bbox 1134 1935 1304 1979; x_wconf 70' lang='lat' dir='ltr'>conclzae.</span> 
     </span>
     <span class='ocr_line' id='line_1_26' title="bbox 102 2002 1388 2067; baseline 0.002 -18"><span class='ocrx_word' id='word_1_178' title='bbox 102 2005 308 2065; x_wconf 82' lang='lat' dir='ltr'>Longum</span> <span class='ocrx_word' id='word_1_179' title='bbox 327 2003 416 2061; x_wconf 89' lang='lat' dir='ltr'>est,</span> <span class='ocrx_word' id='word_1_180' title='bbox 446 2002 540 2063; x_wconf 75' lang='lat' dir='ltr'>ejus</span> <span class='ocrx_word' id='word_1_181' title='bbox 569 2004 724 2050; x_wconf 84' lang='lat' dir='ltr'>versus</span> <span class='ocrx_word' id='word_1_182' title='bbox 740 2005 1057 2067; x_wconf 85' lang='lat' dir='ltr'>orationesque</span> <span class='ocrx_word' id='word_1_183' title='bbox 1087 2006 1354 2053; x_wconf 63' lang='lat' dir='ltr'>conneftere</span> <span class='ocrx_word' id='word_1_184' title='bbox 1371 2042 1388 2063; x_wconf 79' lang='lat'>,</span> 
     </span>
     <span class='ocr_line' id='line_1_27' title="bbox 102 2074 1389 2140; baseline 0.003 -20"><span class='ocrx_word' id='word_1_185' title='bbox 102 2074 262 2136; x_wconf 81' lang='lat' dir='ltr'>quibus</span> <span class='ocrx_word' id='word_1_186' title='bbox 304 2074 384 2120; x_wconf 89' lang='lat' dir='ltr'>suo</span> <span class='ocrx_word' id='word_1_187' title='bbox 421 2087 626 2137; x_wconf 79' lang='lat' dir='ltr'>tempore</span> <span class='ocrx_word' id='word_1_188' title='bbox 661 2088 751 2122; x_wconf 77' lang='lat' dir='ltr'>tam</span> <span class='ocrx_word' id='word_1_189' title='bbox 781 2076 898 2123; x_wconf 88' lang='lat' dir='ltr'>inter</span> <span class='ocrx_word' id='word_1_190' title='bbox 932 2091 1118 2138; x_wconf 82' lang='lat' dir='ltr'>poetas,</span> <span class='ocrx_word' id='word_1_191' title='bbox 1151 2094 1283 2140; x_wconf 84' lang='lat' dir='ltr'>quam</span> <span class='ocrx_word' id='word_1_192' title='bbox 1316 2079 1389 2124; x_wconf 86' lang='lat' dir='ltr'>in-</span> 
     </span>
     <span class='ocr_line' id='line_1_28' title="bbox 103 2149 1386 2214; baseline 0.004 -21"><span class='ocrx_word' id='word_1_193' title='bbox 103 2160 170 2194; x_wconf 91' lang='lat' dir='ltr'>ter</span> <span class='ocrx_word' id='word_1_194' title='bbox 199 2149 401 2195; x_wconf 81' lang='lat' dir='ltr'>rhetores</span> <span class='ocrx_word' id='word_1_195' title='bbox 423 2149 621 2198; x_wconf 87' lang='lat' dir='ltr'>emicuit.</span> <span class='ocrx_word' id='word_1_196' title='bbox 648 2150 732 2196; x_wconf 90' lang='lat' dir='ltr'>Sed</span> <span class='ocrx_word' id='word_1_197' title='bbox 759 2150 880 2198; x_wconf 86' lang='lat' dir='ltr'>aliud</span> <span class='ocrx_word' id='word_1_198' title='bbox 904 2150 949 2197; x_wconf 82' lang='lat' dir='ltr'>in</span> <span class='ocrx_word' id='word_1_199' title='bbox 972 2153 1245 2214; x_wconf 87' lang='lat' dir='ltr'>Imperatore</span> <span class='ocrx_word' id='word_1_200' title='bbox 1267 2168 1386 2214; x_wconf 75' lang='lat' dir='ltr'>quae=</span> 
     </span>
     <span class='ocr_line' id='line_1_29' title="bbox 103 2223 1194 2290; baseline 0.003 -22"><span class='ocrx_word' id='word_1_201' title='bbox 103 2223 241 2277; x_wconf 73' lang='lat' dir='ltr'>ritui-3</span> <span class='ocrx_word' id='word_1_202' title='bbox 263 2223 382 2269; x_wconf 87' lang='lat' dir='ltr'>aliud</span> <span class='ocrx_word' id='word_1_203' title='bbox 407 2223 454 2268; x_wconf 89' lang='lat' dir='ltr'>in</span> <span class='ocrx_word' id='word_1_204' title='bbox 475 2237 684 2282; x_wconf 83' lang='lat' dir='ltr'>oratore,</span> <span class='ocrx_word' id='word_1_205' title='bbox 710 2225 784 2270; x_wconf 90' lang='lat' dir='ltr'>vel</span> <span class='ocrx_word' id='word_1_206' title='bbox 810 2240 941 2285; x_wconf 81' lang='lat' dir='ltr'>poeta</span> <span class='ocrx_word' id='word_1_207' title='bbox 960 2225 1194 2290; x_wconf 82' lang='lat' dir='ltr'>flagitatur.</span> 
     </span>
    </p>

    <p class='ocr_par' dir='ltr' id='par_1_6' title="bbox 106 2295 1389 2433">
     <span class='ocr_line' id='line_1_30' title="bbox 174 2295 1387 2359; baseline 0.002 -18"><span class='ocrx_word' id='word_1_208' title='bbox 174 2298 269 2341; x_wconf 65' lang='grc' dir='ltr'>ΧΗ.</span> <span class='ocrx_word' id='word_1_209' title='bbox 299 2295 520 2341; x_wconf 80' lang='lat' dir='ltr'>Laudatur</span> <span class='ocrx_word' id='word_1_210' title='bbox 547 2297 647 2343; x_wconf 90' lang='lat' dir='ltr'>sane</span> <span class='ocrx_word' id='word_1_211' title='bbox 678 2296 774 2357; x_wconf 86' lang='lat' dir='ltr'>ejus</span> <span class='ocrx_word' id='word_1_212' title='bbox 798 2298 1019 2359; x_wconf 81' lang='lat' dir='ltr'>optimum</span> <span class='ocrx_word' id='word_1_213' title='bbox 1050 2298 1227 2344; x_wconf 60' lang='lat' dir='ltr'>fafitum.</span> <span class='ocrx_word' id='word_1_214' title='bbox 1259 2314 1387 2355; x_wconf 76' lang='lat' dir='ltr'>nam,</span> 
     </span>
     <span class='ocr_line' id='line_1_31' title="bbox 106 2368 1389 2433; baseline 0.001 -17"><span class='ocrx_word' id='word_1_215' title='bbox 106 2368 316 2416; x_wconf 87' lang='lat' dir='ltr'>consulto</span> <span class='ocrx_word' id='word_1_216' title='bbox 343 2370 572 2416; x_wconf 76' lang='lat' dir='ltr'>Valeriani</span> <span class='ocrx_word' id='word_1_217' title='bbox 596 2370 741 2418; x_wconf 83' lang='lat' dir='ltr'>fratris</span> <span class='ocrx_word' id='word_1_218' title='bbox 770 2371 833 2418; x_wconf 89' lang='lat' dir='ltr'>sui</span> <span class='ocrx_word' id='word_1_219' title='bbox 865 2374 912 2419; x_wconf 90' lang='lat'>&amp;</span> <span class='ocrx_word' id='word_1_220' title='bbox 938 2371 1094 2418; x_wconf 81' lang='lat' dir='ltr'>Lucilli</span> <span class='ocrx_word' id='word_1_221' title='bbox 1119 2370 1389 2433; x_wconf 70' lang='lat' dir='ltr'>propinqui,</span> 
     </span>
    </p>
   </div>
   <div class='ocr_carea' id='block_1_3' title="bbox 110 2440 1389 2554">
    <p class='ocr_par' dir='ltr' id='par_1_7' title="bbox 110 2440 1389 2554">
     <span class='ocr_line' id='line_1_32' title="bbox 110 2440 1389 2511; baseline 0.002 -25"><span class='ocrx_word' id='word_1_222' title='bbox 110 2440 186 2488; x_wconf 85' lang='lat' dir='ltr'>ubi</span> <span class='ocrx_word' id='word_1_223' title='bbox 202 2442 446 2511; x_wconf 79' lang='lat' dir='ltr'>comperit,</span> <span class='ocrx_word' id='word_1_224' title='bbox 466 2443 519 2489; x_wconf 89' lang='lat' dir='ltr'>ab</span> <span class='ocrx_word' id='word_1_225' title='bbox 536 2443 748 2491; x_wconf 84' lang='lat' dir='ltr'>Odenato</span> <span class='ocrx_word' id='word_1_226' title='bbox 769 2443 914 2491; x_wconf 83' lang='lat' dir='ltr'>Persas</span> <span class='ocrx_word' id='word_1_227' title='bbox 937 2443 1128 2491; x_wconf 71' lang='lat' dir='ltr'>vastatos</span> <span class='ocrx_word' id='word_1_228' title='bbox 1144 2478 1155 2500; x_wconf 70' lang='lat' dir='ltr'>s</span> <span class='ocrx_word' id='word_1_229' title='bbox 1176 2443 1389 2490; x_wconf 61' lang='lat' dir='ltr'>redadlam</span> 
     </span>
     <span class='ocr_line' id='line_1_33' title="bbox 229 2528 257 2554; baseline 0 0"><span class='ocrx_word' id='word_1_230' title='bbox 229 2528 257 2554; x_wconf 66' lang='grc' dir='ltr'>Ο</span> 
     </span>
    </p>
   </div>
  </div>
 </body>
</html>
