1637 2785
308 136 590 182 PROBUS
636 138 1091 185 IMPERATOR.
1262 158 1347 189 211

66 252 161 291 tum
191 258 249 288 ex
278 240 561 303 ephemeride
595 241 747 304 colligi
773 244 934 304 potuit.
964 245 1080 291 Cum
1113 244 1233 291 bello
1253 247 1354 292 Sar-

65 317 236 364 matico
265 315 353 376 jam
385 314 640 369 Tribunus,
662 316 910 363 transmiss'o
939 317 1186 370 Danubio.
1215 322 1355 366 multa

64 391 247 438 fortiter
280 386 476 442 fecisset,
517 387 700 450 publice
732 387 779 433 in
810 390 1038 435 concione
1068 392 1260 438 donatus
1294 393 1357 438 est

64 463 195 510 hastis
216 462 335 523 puris
354 472 573 524 quatuor,
590 461 776 507 coronis
798 461 1042 508 vallaribus
1062 464 1230 510 duabus
1246 500 1259 517 ,
1278 482 1356 511 co-

64 552 177 584 rona
218 534 367 582 civica
400 551 520 592 una,
555 534 735 582 vexillis
770 535 890 597 puris
918 548 1138 598 quatuor,
1173 541 1356 587 armillis

63 611 208 660 aureis
229 611 401 657 duabus
417 646 430 668 ,
460 622 622 673 torque
652 625 790 655 aureo
811 625 932 666 uno,
956 622 1105 671 patera
1127 611 1356 660 sacrificali

63 682 370 747 quinquelibri
398 699 499 730 una.
533 698 627 745 quo
654 682 835 745 quidem
887 694 1092 743 tempore
1126 687 1357 733 Valerium

64 756 306 815 Flaccum,
338 755 664 802 adolescentem
703 755 927 812 nobilem,
957 772 1182 817 parentem
1223 759 1359 806 Vale-

64 829 202 886 riani,
233 845 257 875 e
291 829 560 888 Quadorum
585 826 797 874 liberavit
833 844 990 874 manu:
1020 829 1137 875 unde
1166 829 1231 876 illi
1264 833 1358 878 Vau-

65 901 260 948 lerianus
290 916 508 947 coronam
536 899 729 946 civicam
760 898 935 946 detulit.
967 901 1113 947 Verba
1151 902 1358 950 Valeria-

67 975 115 1021 ni
141 989 225 1036 pro
246 973 473 1020 concione
498 972 671 1019 habita:
698 974 866 1032 Suseipe
881 1007 894 1027 ,
913 974 1072 1026 Probe,
1084 977 1260 1035 praemia
1278 995 1359 1037 pro

68 1051 303 1109 republica,
321 1049 488 1108 suscipe
523 1065 717 1093 coronam
749 1049 923 1092 civicam
945 1065 1023 1107 pro
1044 1065 1227 1108 parente.
1261 1067 1356 1111 quo

67 1119 248 1181 quidem
281 1133 485 1181 tempore
521 1118 745 1182 legionem
774 1118 945 1164 tertiam
977 1119 1120 1166 eidem
1159 1120 1356 1179 addidit,

69 1193 153 1239 sub
185 1192 448 1239 testimonio
477 1190 710 1252 ejusmodi.
736 1190 945 1252 Epistola
973 1193 1027 1240 de
1056 1193 1234 1257 leg-ione
1268 1207 1359 1242 ter—

73 1267 161 1314 tia:
191 1269 275 1311 Res
304 1267 415 1331 gestae
454 1281 556 1321 tuce,
592 1268 727 1310 Probe
759 1265 980 1328 cadſjime,
1007 1268 1205 1325 faciunt,
1237 1285 1285 1314 ut
1317 1267 1361 1314 δ’

61 1339 198 1400 [ἐνίας
218 1339 295 1384 tibi
319 1340 472 1383 tradere
500 1337 676 1393 majores
705 1340 904 1383 exercitus
929 1340 1097 1394 videar,
1125 1337 1168 1384 δ’
1189 1341 1270 1384 cito
1290 1356 1360 1385 ta-

72 1430 165 1457 men
191 1414 371 1458 tradam.
405 1413 551 1470 Recipe
581 1412 626 1455 in
651 1411 781 1468 fidem
812 1429 926 1458 tuam
972 1415 1167 1473 legionem
1199 1415 1360 1458 terciam

61 1486 225 1545 felicem
242 1519 254 1537 ,
278 1504 400 1546 quam
432 1503 501 1545 ego
531 1487 668 1530 adlzuc
686 1487 820 1540 nulli,
838 1484 922 1549 nisi
937 1488 1125 1549 provec‘lo
1136 1486 1228 1541 jam
1244 1520 1257 1541 ,
1278 1492 1361 1532 cre-3

71 1559 196 1603 didi:
226 1560 331 1602 mihi
362 1573 495 1603 autem
538 1576 583 1603 eo
611 1573 783 1617 tempore
813 1561 965 1603 credita
997 1559 1072 1622 est,
1104 1577 1183 1619 quo
1221 1558 1264 1606 δ’
1297 1579 1360 1606 me

73 1630 269 1689 canosum
288 1663 303 1684 ‚
338 1633 410 1690 qui
437 1631 618 1674 credebat
640 1664 654 1686 ,
687 1648 777 1675 cum
809 1634 1090 1692 gratulatione
1121 1634 1239 1677 vidit.
1272 1637 1365 1678 Sea'

73 1719 146 1763 ego
171 1705 217 1747 in
247 1718 282 1747 te
312 1719 397 1746 nou
422 1703 603 1762 exspec‘i'o
630 1718 813 1759 ceratem,
840 1722 930 1755 cum
958 1701 1002 1749 ὃ*
1028 1705 1250 1750 virtutibus
1262 1706 1360 1764 fub-

70 1791 194 1836 geas,
215 1771 258 1820 ὃ·
280 1776 461 1819 moribus
477 1778 652 1834 polleas.
677 1778 808 1841 Vestes
827 1779 904 1822 tibi
927 1779 1108 1838 triplices
1126 1781 1223 1824 dari
1233 1779 1358 1841 jff,

62 1849 273 1910 sedarium
290 1850 444 1908 duplex
450 1847 538 1906 feci
551 1883 565 1906 ‚
584 1851 847 1897 vexillarium
867 1854 1074 1912 deputavi.

142 1922 220 1968 Vl.
251 1922 459 1983 Longum
490 1921 583 1978 est,
616 1923 646 1967 fi
678 1939 757 1983 per
785 1939 852 1969 res
882 1924 1020 1986 gestas
1046 1923 1157 1970 tanti
1180 1940 1360 1985 percur-

75 2008 168 2039 ram
189 1991 304 2050 viri,
334 2009 434 2054 quae
463 1992 536 2039 ille
561 1993 638 2039 sub
659 1994 929 2050 Valeriano,
958 2013 1059 2059 quae
1086 1996 1165 2043 sub
1188 1998 1362 2044 Gallie-

76 2081 169 2121 no,
196 2080 296 2127 quae
318 2064 396 2110 sub
427 2065 670 2113 Aureliano
698 2067 748 2114 &
779 2067 974 2114 Claudio
1005 2068 1211 2129 privatus
1238 2068 1360 2116 fece-

75 2139 161 2196 rit,
183 2139 362 2202 quoties
391 2156 567 2185 murum
594 2140 936 2199 conscenderit,
969 2142 1139 2188 vallum
1170 2142 1362 2205 diripue-

75 2212 162 2270 rit,
189 2211 359 2258 hostem
389 2213 596 2259 cominus
624 2212 925 2271 interemerit,
955 2214 1076 2260 dona
1102 2213 1362 2286 Principugn

76 2285 344 2343 emeruerit,
382 2286 702 2348 rempublicam
739 2287 786 2332 in
826 2288 1062 2350 antiquum
1093 2288 1246 2334 statum
1288 2288 1364 2336 sua

78 2360 248 2407 virtute
274 2358 528 2407 reddiderit.
560 2361 713 2407 Docet
739 2360 947 2406 Gallieni*
966 2361 1153 2422 epistola
1181 2362 1234 2407 ad
1254 2361 1364 2407 Tri-

76 2432 225 2481 bunos
256 2433 388 2494 data,
411 2433 487 2498 qui
517 2431 651 2482 fuerit
683 2434 868 2482 Probus.
900 2436 1126 2481 Gallienus
1149 2436 1363 2503 Augustus

811 2526 818 2534 ’
995 2508 1042 2554 Ο
1079 2524 1105 2554 2
