1714 2807
350 162 442 205 144
561 145 975 192 TREBELLH
1031 146 1477 194 POLLioms

345 252 471 300 stilus
504 250 663 316 fingit:
693 253 784 300 hoc
816 269 920 299 vera
958 254 1162 300 continet
1204 252 1400 300 historia.
1432 252 1625 301 Claudio
1676 277 1679 279 ·

345 323 482 386 igitur
506 324 743 386 scriptores
770 324 1013 372 adulamur.
1047 326 1123 390 qui
1152 327 1243 372 duo
1273 325 1412 373 mill-ia
1437 327 1626 373 navium

344 395 661 454 barbararum,
689 397 739 445 &
767 409 962 444 trecenta
992 398 1151 460 viginti
1185 398 1321 444 millia
1352 410 1626 447 armatorum

344 470 543 528 delevit,
565 470 802 534 oppreffit,
818 471 1011 519 attrivit:
1032 473 1107 535 qui
1138 474 1413 536 carraginem
1434 485 1627 528 tantam,

343 557 555 606 quantam
572 560 783 592 numerus
803 545 875 591 hic
895 559 1167 592 armatorum
1187 547 1359 593 sibimet
1376 560 1526 608 aptare
1547 562 1627 608 po·

345 617 498 665 tuit&
514 634 690 678 parare,
711 634 830 666 nuuc
846 618 1048 665 incendia
1069 618 1200 675 fecit,
1221 635 1339 666 nunc
1358 636 1460 668 cum
1480 618 1628 666 omni·

344 690 430 738 bus
459 690 636 737 familiis
664 691 878 736 Romano
914 690 1100 736 servitio
1133 691 1393 753 deputavit,
1421 706 1468 738 ut
1493 693 1628 738 docet

341 764 538 823 ejusdem
565 763 777 825 epistola,
800 780 929 826 quam
960 764 1013 809 ad
1041 763 1220 811 Junium
1244 765 1499 812 Brocchum
1526 763 1628 811 scri·

342 836 430 899 psit
468 836 694 900 Illyricum
729 848 943 883 tuentem.
984 839 1184 882 Claudius
1220 839 1420 884 Broccho.
1456 841 1629 884 Delevi-

345 930 438 957 mus
458 927 629 957 trecenta
655 913 810 972 viginti
833 914 969 958 millia
1009 913 1266 967 Gothorum,
1286 917 1369 959 duo
1397 915 1534 958 millia
1552 930 1631 957 tza-

342 989 457 1034 νίιιηι
483 985 705 1049 mersimus.
733 985 850 1032 Tec‘la
867 987 976 1045 fiant
987 986 1181 1046 flumina
1198 988 1368 1045 scutis:
1386 987 1555 1045 spathis
1587 981 1630 1030 δ’

343 1061 544 1103 lanceolis
573 1062 717 1103 omnia
742 1061 866 1103 litora
888 1060 1136 1116 operiuntur.
1159 1059 1306 1116 Campi
1331 1056 1477 1118 offibqs
1502 1062 1634 1109 latent

343 1131 464 1176 1232:
489 1135 652 1175 nullum
677 1135 752 1176 iter
763 1149 915 1190 purum
942 1131 1019 1195 ςβε
1041 1133 1184 1191 ingens
1206 1148 1374 1191 carrago
1397 1131 1548 1190 deserta
1568 1130 1631 1192 est.

347 1206 532 1248 Tamum
555 1206 767 1248 mulierum
790 1205 994 1262 cepimus,
1014 1219 1060 1248 uc
1078 1205 1201 1247 binas
1221 1201 1264 1249 6·
1289 1219 1425 1248 ternas
1449 1205 1632 1247 mulieres

345 1275 474 1324 :vz'c‘lor
485 1274 573 1338 silvi
600 1277 716 1320 miles
739 1275 864 1337 poſjit
891 1275 1124 1335 adjungere.

415 1347 492 1395 ΙΧ.
522 1348 576 1392 Et
598 1348 771 1394 utinam
802 1346 1055 1393 Gallienum
1085 1362 1179 1393 non
1204 1346 1309 1393 effet
1337 1346 1453 1409 passa
1479 1346 1633 1407 respu-
1669 1356 1672 1367 ¹

345 1419 492 1468 blica:
520 1419 689 1466 utinam
721 1419 954 1466 sexcentos
983 1435 1208 1483 tyrannos
1238 1434 1330 1467 non
1367 1415 1631 1482 pertulisset!

349 1493 495 1540 Salvis
511 1493 753 1552 militibus,
775 1508 892 1555 quos
916 1493 1038 1539 varia
1061 1494 1223 1555 proelia
1243 1494 1535 1549 sustulerunt,
1556 1492 1634 1537 sal·

349 1566 420 1611 vis
442 1565 720 1628 legionibus,
743 1582 854 1628 quas
879 1565 1114 1612 Gallienus
1136 1566 1249 1612 male
1273 1565 1419 1613 viCtor
1439 1564 1638 1618 occidit,

345 1652 567 1702 quantum
595 1639 697 1686 effet
720 1639 915 1686 additum
943 1639 1234 1702 reipublicae?
1262 1639 1487 1702 Siquidem
1515 1653 1635 1684 nunc

348 1715 494 1761 verba
526 1713 742 1775 naufragii
781 1712 949 1775 publici
982 1713 1159 1776 colligit
1194 1713 1343 1760 nostra
1379 1711 1637 1774 diligentia,

352 1789 409 1835 ad
434 1789 652 1834 Romanae
681 1786 942 1848 reipublicae
970 1787 1118 1834 decus.
1150 1788 1402 1849 Pugnatum
1429 1786 1490 1832 est
1517 1784 1638 1831 enim

353 1860 474 1921 apud
497 1860 696 1917 Moesos,
720 1861 769 1906 &
797 1859 934 1905 multa
970 1859 1130 1920 proelia
1172 1858 1352 1906 fuerunt
1381 1858 1496 1918 apud
1521 1845 1639 1903 Mar·

352 1933 653 2002 cianopolinj
701 1933 828 1980 multi
869 1932 1102 1995 naufragio
1141 1933 1400 1994 perierunt3
1439 1930 1639 1992 plerique

350 2006 475 2067 capti
504 2022 648 2067 reges;
682 2019 823 2067 captae
851 2005 1126 2052 diversarum
1152 2006 1351 2068 gentium
1380 2002 1554 2049 nobiles
1576 2000 1641 2049 fe-

355 2079 522 2132 minae3
552 2077 745 2138 impletae
775 2078 971 2124 barbaris
1001 2077 1167 2132 servis,
1203 2075 1463 2138 senibusque
1495 2074 1639 2120 culto-

356 2148 480 2194 ribus
502 2148 717 2194 Romanae
737 2148 1001 2209 provinciae.
1024 2147 1178 2193 Faetus
1207 2146 1331 2193 miles
1360 2146 1570 2192 barbarus
1592 2144 1641 2188 &

357 2219 559 2266 colonus
583 2235 638 2265 ex
670 2220 846 2266 Gotho.
883 2237 965 2268 nec
995 2219 1085 2267 ulla
1113 2220 1197 2267 fuit
1229 2221 1382 2282 regio,
1415 2235 1516 2282 quae
1545 2218 1641 2262 Go-

357 2291 484 2339 thum
511 2291 690 2338 servum
718 2291 978 2354 triumphali
1001 2293 1201 2354 quodam
1231 2291 1415 2338 servitio
1447 2307 1538 2336 non
1563 2290 1643 2334 ha·

358 2365 500 2412 beret.
523 2367 650 2425 Quid
669 2367 807 2412 boum
839 2367 1128 2413 barbarorum
1160 2366 1300 2413 nostri
1329 2366 1480 2411 videre
1504 2362 1641 2422 majo·

357 2436 468 2484 res?
496 2438 605 2501 quid
635 2438 827 2489 ovium?
856 2438 964 2504 quid
995 2455 1206 2503 equarum
1223 2473 1240 2501 ,
1271 2454 1380 2503 quas
1413 2436 1528 2484 fama
1557 2452 1643 2484 no·
