1637 2785
313 158 804 208 ANTONINUS
856 158 1050 206 Pius·
1255 176 1314 219 41

50 269 217 317 tionem
239 265 420 328 recepit.
440 264 554 312 Patri
573 266 623 313 &
640 264 769 312 matri
785 277 916 329 atque
932 266 1026 313 avis
1044 267 1093 314 &
1112 264 1321 314 fratribus

48 341 135 403 jam
162 338 349 386 mortuis
376 337 534 385 statuas
557 338 753 385 decretas
769 372 782 395 ‚
804 339 993 384 libenter
1014 339 1199 402 accepit.
1217 338 1322 385 Cir·-

50 412 196 461 censes
210 411 343 458 natali
362 410 440 457 suo
454 410 626 458 dicatos
642 427 735 457 non
755 409 942 472 respuit;
958 410 1053 456 aliis
1068 412 1323 457 honoribus

49 485 264 533 refutatis.
296 485 526 548 Clypeum
573 483 804 531 Hadriano
850 483 1324 548 magnificentiffimum

49 557 194 621 posuit
209 594 224 616 ‚
243 559 292 606 δι
312 558 560 605 sacerdotes
577 556 777 605 instituit.
792 558 942 604 Factus
958 560 1218 620 Imperator,
1234 557 1323 604 nul-

47 631 80 677 li
100 648 253 678 eorum
268 667 282 689 ,
301 648 417 694 quos
437 631 688 678 Hadrianus
708 643 981 693 provexerat
995 666 1009 689 ,
1034 630 1325 677 successorem

48 705 183 752 dedit.
217 705 390 768 fuitque
417 721 466 752 ea
486 705 759 763 constantia,
783 718 831 751 ut
856 704 1044 767 septenis
1064 705 1113 751 δι
1130 703 1327 750 novenis

51 776 178 823 annis
207 775 251 822 in
284 775 536 838 provinciis
572 777 719 823 bonos
749 777 952 838 praefides
978 775 1208 822 detineret.
1244 776 1326 821 Per

48 849 218 911 legatos
244 848 345 895 suos
363 848 556 911 plurima
584 849 696 896 bella
726 849 861 913 geflit.
893 867 995 896 nam
1020 850 1070 896 &
1088 848 1328 895 Britannos

51 937 130 983 per
150 920 344 967 Lollium
367 921 584 968 Urbicum
606 921 796 984 legatum
819 921 957 980 vicit,
976 921 1066 968 alio
1097 937 1226 967 muro
1251 937 1329 967 ce-

50 993 254 1056 spiticio,
282 993 496 1042 submotis
530 995 729 1042 Barbaris
748 1032 762 1054 ‚
788 996 946 1043 duflo:
974 996 1024 1043 δε
1057 997 1245 1042 Mauros
1273 993 1330 1041 ad

51 1083 206 1129 pacem
231 1066 538 1131 postulandam
558 1069 731 1133 coegit3
754 1071 803 1116 &
827 1071 1083 1116 Germanos
1108 1070 1157 1116 &
1175 1069 1331 1116 Dacos

52 1141 100 1187 &
137 1140 297 1186 multas
330 1153 506 1204 gentes,
542 1152 673 1203 atque
711 1142 887 1188 Judaeos
911 1141 1185 1205 {rebellantes
1216 1157 1332 1189 con-

51 1214 166 1261 tuclit
194 1232 271 1275 per
296 1215 496 1278 praefides
526 1231 576 1261 ac
604 1215 788 1278 legatos.
829 1218 878 1261 In
908 1216 1074 1277 Achaia
1099 1216 1230 1263 etiam
1260 1207 1331 1266 att-J

52 1303 138 1349 que
156 1288 359 1351 AEgypto
384 1287 652 1336 rebelliones
674 1288 890 1352 repressit.
913 1289 1084 1336 Alanos
1100 1320 1114 1346 ,
1134 1288 1332 1335 molien-

53 1376 118 1409 tes
138 1364 249 1425 saepe
263 1399 276 1420 ‚
295 1363 552 1412 refrenavit.

118 1437 194 1482 Vl.
215 1436 534 1483 Procuratores
561 1435 664 1484 suos
687 1436 886 1484 modeste
919 1435 1138 1498 suscipere
1165 1434 1332 1482 tributa

52 1506 198 1569 juffit:
223 1509 489 1556 excedentes
513 1510 731 1567 modum,
752 1509 971 1556 rationem
993 1507 1210 1555 factorum
1230 1507 1333 1553 suo·

53 1596 151 1626 rum
173 1579 356 1627 reddere
385 1580 624 1643 praecepit:
647 1597 730 1628 nec
756 1597 952 1644 unquam
978 1580 1150 1626 laetatus
1173 1577 1236 1625 est
1262 1578 1333 1623 lu-

54 1667 164 1711 cro,
197 1669 290 1715 quo
325 1652 618 1715 provincialis
648 1653 879 1715 oppreffus
911 1651 985 1699 est.
1017 1653 1190 1699 Contra
1222 1661 1334 1711 pro-⁴

56 1737 287 1774 curatores
311 1726 413 1774 suos
435 1740 763 1790 conquerentes
792 1726 982 1773 libenter
1010 1724 1198 1772 audivit.
1223 1721 1334 1779 His,

55 1817 173 1862 quos
194 1800 443 1848 Hadrianus
468 1801 782 1860 damnaverat,
799 1800 844 1847 in
865 1800 1016 1847 senatu
1037 1797 1335 1861 indulgentias

56 1874 216 1936 petiit,
234 1874 385 1921 dicens
402 1910 417 1931 ,
441 1873 574 1921 etiam
604 1874 747 1937 ipsum
781 1873 1056 1921 Hadrianum
1086 1874 1177 1921 hoc
1204 1870 1333 1917 fuiss‘e

56 1945 290 1993 facturum.
309 1945 648 2008 Imperatorium
669 1945 886 2009 fastigium
907 1945 962 1992 ad
983 1944 1193 1991 summam
1215 1940 1336 1989 civi-2

57 2018 228 2065 litatem
251 2019 458 2066 deduxit:
477 2018 594 2065 unde
621 2017 720 2081 plus
741 2017 917 2074 crevit3
937 2015 1239 2064 recusantibus
1256 2023 1336 2059 aud

56 2089 156 2145 licis
194 2089 404 2137 ministris
420 2126 434 2147 ,
474 2091 552 2153 qui
577 2125 592 2148 ,
633 2089 713 2136 illo
753 2089 863 2135 nihil
907 2105 986 2151 per
1027 2085 1334 2134 internuntios

59 2175 242 2225 agente,
276 2181 360 2212 nec
389 2177 554 2212 terrere
582 2175 792 2226 poterant
821 2163 1028 2211 homines
1059 2159 1337 2224 aliquando‚‘

57 2251 141 2282 nec
166 2252 242 2293 ea,
271 2253 370 2298 quae
401 2237 583 2284 occulta
610 2253 704 2284 non
740 2249 892 2296 erant,
917 2236 1128 2286 vendere.
1153 2231 1335 2281 Senatui

59 2319 229 2354 tantum
252 2308 410 2355 detulit
435 2312 711 2370 Imperator,
731 2322 947 2366 quantum
963 2344 977 2367 ‚
1001 2325 1103 2356 cum
1130 2306 1335 2369 privatus

60 2378 187 2434 effer,
206 2378 367 2426 deferri
386 2379 465 2426 fibi
483 2380 538 2427 ab
556 2381 647 2428 alio
668 2369 873 2442 Principe
891 2371 1083 2441 optavit.
1103 2377 1240 2424 Patris
1260 2395 1335 2438 pa-

61 2449 156 2497 triae
177 2466 343 2498 nomen
364 2451 556 2501 delatum
579 2469 602 2499 a
631 2452 781 2500 senatu
802 2488 814 2511 ,
832 2452 956 2517 quod
982 2451 1129 2516 primo
1151 2450 1334 2498 distule-
