1714 2807
302 173 393 221 302
518 159 751 206 AEL11
817 158 1390 207 LAMPR1D11

299 264 490 312 ducibus
509 265 558 312 δι
578 263 792 311 militibus
813 264 1032 322 donavit,
1056 266 1115 313 ita
1144 279 1193 312 ut
1223 282 1379 313 eorum
1415 264 1475 311 ita
1512 264 1579 312 es-

298 339 426 396 sent,
454 337 486 383 si
515 338 697 385 heredes
730 338 912 385 illorum
952 338 1228 395 militarent,
1263 354 1346 386 nec
1382 327 1579 400 unquain

300 413 357 459 ad
375 412 574 474 privatos
596 410 893 474 pertinerent:
911 413 1063 460 dicens
1078 448 1092 471 ‚
1113 416 1311 459 attentius
1335 430 1401 458 eos
1422 415 1581 458 milita·

299 498 440 542 turos,
456 483 506 548 fi
520 487 644 530 etiam
660 485 748 545 sua
774 503 870 530 rura
888 484 1160 542 defitzdcrent.
1190 484 1370 530 Addidit
1393 483 1494 530 sane
1514 483 1582 530 his

301 558 353 602 δε
375 557 579 603 animalia
603 559 652 605 ὅ(
677 556 831 603 servos
851 593 863 611 ,
884 569 931 603 ut
957 557 1130 617 possent
1156 557 1329 612 colere,
1361 556 1485 619 quod
1508 573 1582 603 ac-

299 643 541 690 ceperant3
568 646 622 675 ne
645 646 721 692 per
747 629 947 690 inopiam
973 630 1235 683 hominum,
1265 630 1334 674 vel
1357 645 1433 690 per
1461 629 1583 675 sene-

299 702 463 748 &utem
494 701 810 763 poffidentium
842 702 1148 747 desererentur
1174 718 1276 747 rura
1304 700 1456 748 vicina
1486 701 1583 747 bar·

300 772 436 820 bariae
450 808 462 826 ,
482 774 605 835 quod
628 772 923 836 turpissimum
946 774 1020 819 ille
1040 774 1243 820 ducebat.

382 846 496 891 LlX.
522 844 623 891 Post
645 846 741 891 haec
770 861 871 890 cum
906 844 1075 908 ingenti
1103 861 1254 891 amore
1286 845 1402 906 apud
1432 860 1582 906 popu·

299 917 394 962 lum
427 918 476 963 ὃ(
504 918 713 961 Senatum
744 916 947 973 viveret,
969 919 1018 963 ὅ(
1050 916 1322 979 sperantibus
1349 915 1584 962 viftoriam

300 990 499 1043 cunetis,
525 990 575 1036 &
607 988 765 1036 invitis
798 1005 897 1036 eum
932 989 1284 1046 dimittentibus,
1315 989 1586 1035 ad'Germa-

301 1063 453 1108 nicum
491 1061 657 1107 bellum
689 1060 914 1121 profeElus
948 1064 1034 1118 est,
1072 1061 1391 1109 deducentibus
1417 1059 1587 1107 cunffis

299 1152 382 1198 per
403 1146 579 1180 centum
605 1135 653 1180 δε
675 1133 998 1197 quinquaginta
1017 1134 1169 1180 millia.
1190 1137 1290 1180 Erat
1309 1146 1454 1180 autem
1484 1149 1584 1195 gra-

301 1207 526 1252 viffimum
564 1206 846 1267 reipublicae,
875 1223 1005 1267 atque
1039 1205 1140 1268 ipsi,
1169 1207 1293 1268 quod
1324 1208 1583 1252 Germano-

297 1295 399 1326 rum
431 1277 748 1325 vastationibus
775 1278 917 1323 Gallia
947 1279 1249 1340 diripiebatur.
1275 1279 1583 1340 pudoremque

304 1350 525 1413 augebat,
549 1352 701 1413 quod,
723 1350 851 1397 vietis
882 1350 967 1410 jam
998 1351 1191 1407 Parthis,
1213 1369 1263 1398 ea
1292 1352 1415 1398 natio
1435 1349 1586 1396 imini-

302 1424 437 1470 nebat
457 1423 711 1484 reipublicae
743 1423 1017 1471 cervicibus.
1041 1442 1141 1487 quae
1164 1425 1330 1486 semper
1351 1424 1482 1470 etiam
1503 1422 1585 1468 mi-

305 1495 502 1543 nusculis
537 1496 887 1556 Imperatoribus
925 1495 1109 1557 subjedia
1137 1498 1385 1544 videbatur.
1418 1495 1587 1558 magnis

304 1567 445 1630 igitur
486 1566 747 1625 itineribus,
787 1568 898 1615 laetis
941 1569 1186 1626 militibus,
1219 1570 1465 1616 contendit.
1503 1569 1586 1614 Sed

301 1657 408 1687 cum
432 1639 495 1686 ibi
514 1656 700 1703 quoque
722 1641 945 1687 seditiosas
966 1641 1165 1703 legiones
1186 1642 1462 1704 comperisset
1478 1678 1491 1699 ,
1511 1641 1587 1688 ab·

299 1713 381 1776 jici
410 1730 482 1760 eas
513 1714 738 1775 praecepit.
767 1716 935 1780 Verum
957 1715 1203 1761 Gallicanae
1230 1729 1422 1768 mentes,
1448 1728 1496 1762 ut
1525 1715 1586 1761 se-

301 1783 348 1830 se
380 1784 574 1843 habent,
603 1786 724 1832 durae
758 1803 809 1834 ac
837 1788 1131 1850 retrogradae,
1162 1790 1208 1835 δι
1247 1787 1358 1850 saepe
1390 1790 1586 1849 Impera-

303 1856 483 1903 toribus
518 1874 702 1920 graves,
741 1858 1019 1906 severitatem
1060 1860 1258 1907 hominis
1295 1860 1499 1917 nimiam,
1537 1861 1586 1906 &

303 1931 441 1995 longe
471 1932 686 1994 majorem
725 1934 823 1996 post
857 1935 1221 1996 Heliogabalum,
1250 1950 1344 1979 non
1375 1933 1586 1980 tulerunt.

304 2005 518 2066 Denique
547 2020 748 2069 agentern
786 2023 885 2053 eum
925 2024 1025 2053 cum
1065 2006 1216 2068 paucis
1250 2005 1294 2051 in
1332 2004 1587 2064 Britannia,

304 2089 355 2123 ut
384 2076 458 2122 alii
491 2077 690 2133 volunt,
723 2077 767 2123 in
803 2077 948 2124 Gallia
982 2077 1027 2123 in
1071 2077 1208 2134 vic0,
1237 2077 1307 2123 cui
1342 2076 1472 2123 Sicila
1499 2092 1585 2122 no—

305 2165 409 2196 men
444 2148 535 2206 est,
569 2166 662 2195 non
698 2166 753 2196 ex
782 2150 983 2197 omnium
1026 2148 1265 2205 sententia,
1297 2149 1368 2195 sed
1402 2148 1586 2196 latroci-

305 2221 509 2267 nantium
533 2223 674 2268 modo
695 2222 872 2285 quidam
895 2222 1080 2278 milites,
1106 2223 1153 2268 δι
1174 2222 1218 2266 hi
1238 2221 1487 2283 praecipue,
1509 2220 1587 2283 qui

306 2293 589 2356 Heliogabali
628 2294 820 2356 praemiis
867 2294 1153 2341 effloruerant
1172 2329 1186 2351 ,
1234 2310 1334 2341 cum
1383 2292 1586 2338 severum

306 2365 559 2428 Principem
586 2366 673 2429 pati
701 2383 795 2415 non
829 2367 1027 2429 possent,
1050 2367 1328 2414 occiderunt.
1351 2364 1484 2410 Multi
1517 2364 1586 2410 di·

305 2451 415 2494 cunt
427 2474 442 2498 ,
460 2456 484 2487 a
504 2440 756 2490 Maximino
784 2440 998 2497 immiffos
1020 2441 1188 2489 tirones
1203 2476 1217 2503 ,
1232 2440 1309 2506 qui
1324 2439 1364 2488 ei
1384 2439 1438 2487 ad
1456 2453 1585 2492 exer:
