1637 2785
1283 146 1344 194 37

169 462 459 536 'JULII
523 459 1222 530 CAPITOLINI

61 634 940 715 ANTONINUS
1013 633 1338 711 PIUS

651 800 744 841 AD

284 943 889 994 DIOCLETIANUM
940 942 1114 990 AUG.

58 1283 90 1330 1.
126 1241 303 1329 Trro
339 1277 524 1325 Aurelio
550 1276 698 1325 Fulvo
727 1271 927 1335 Boionio
955 1270 1194 1320 Antonino
1214 1271 1296 1319 Pio
1319 1307 1334 1329 ‚

55 1367 290 1418 paternum
322 1367 459 1414 genus
478 1367 501 1397 e
524 1349 671 1396 Gallia
695 1346 1013 1410 Transalpina,
1037 1344 1334 1393 Nemausense

55 1427 253 1475 scilicet:
282 1442 419 1481 avus,
444 1424 575 1470 Titus
601 1422 809 1471 Aurelius
837 1420 1033 1476 Fulvus,
1059 1417 1136 1481 qui
1156 1433 1234 1480 per
1250 1418 1333 1462 ho-

46 1517 189 1549 nores
225 1499 428 1546 diversos
450 1498 503 1543 ad
533 1495 772 1542 secundum
795 1492 1074 1541 consulatum
1098 1491 1146 1536 &
1177 1488 1334 1551 praefe·

54 1577 223 1623 &uram
254 1572 391 1622 Urbis
428 1571 636 1634 pervenit
668 1587 678 1615 :
714 1580 869 1631 pater,
900 1564 1110 1612 Aurelius
1138 1563 1333 1620 Fulvus,

55 1649 133 1714 qui
162 1648 210 1695 &
234 1645 323 1709 ipse
346 1644 431 1691 fuit
461 1643 619 1691 consul
642 1678 655 1699 ‚
686 1641 830 1687 homo
859 1638 987 1686 tristis
1006 1673 1019 1695 ,
1047 1639 1095 1684 δι
1131 1635 1331 1697 integer:

55 1722 159 1771 avia
186 1731 410 1776 materna,
431 1715 624 1778 Bojonia
648 1712 841 1760 Procilla
862 1730 873 1759 :
899 1723 1063 1768 mater,
1086 1707 1216 1756 Arria
1248 1709 1330 1753 Fa-

55 1796 189 1844 dilla:
215 1809 325 1843 avus
351 1801 575 1837 maternus
596 1823 607 1842 ‚
635 1787 793 1834 Arrius
818 1784 1104 1839 Antoninus,
1124 1782 1191 1828 bis
1219 1797 1329 1828 con-

58 1869 152 1924 sul,
170 1869 315 1913 homo
338 1863 508 1910 sandius
524 1898 536 1919 ,
556 1863 604 1908 &
632 1859 709 1923 qui
730 1860 928 1906 Nervam
952 1854 1181 1902 miseratus
1197 1853 1331 1910 effer,

55 1940 181 2004 quod
209 1939 425 2000 imperare
461 1933 694 1996 coepiffet:
729 1931 859 1977 soror
891 1927 1093 1984 uterina,
1113 1926 1224 1974 Julia
1249 1928 1329 1971 Fa·-

54 2014 183 2060 dina:
204 2010 415 2067 vitricus,
436 2008 573 2057 Julius
595 2011 743 2068 Lupus
767 2002 1033 2052 consularis:
1063 2001 1215 2057 socer,
1237 2004 1330 2045 An-

53 2087 152 2133 nius
170 2087 312 2131 Verus
327 2101 337 2131 :
352 2099 469 2129 uxor
484 2117 497 2141 ,
518 2080 663 2127 Annia
681 2077 905 2125 Faustina:
924 2075 1030 2133 filii,
1048 2090 1188 2120 mares
1208 2073 1327 2130 duo,

53 2161 154 2206 duae
187 2156 389 2204 feminae:
427 2171 591 2218 gener,
616 2169 695 2216 per
729 2149 946 2212 majorem
986 2145 1148 2204 filiam,
1176 2144 1329 2191 Lamia

52 2232 290 2297 Syllan1153
322 2246 402 2292 per
432 2227 653 2274 minorem
672 2261 686 2283 ,
718 2226 900 2271 Marcus
929 2218 1210 2273 Antoninus,
1230 2217 1329 2262 fue-

53 2321 114 2352 re.
136 2303 228 2366 Ipse
258 2301 518 2350 Antoninus
542 2300 644 2346 Pius
665 2313 791 2345 natus
809 2296 870 2344 est
900 2292 1215 2342 tertiodecimo
1236 2291 1329 2336 Ka-

52 2373 211 2422 lendas
229 2374 451 2422 Ossobres
468 2409 481 2429 ‚
502 2371 663 2419 Flavio
693 2367 968 2416 Domitiano
990 2362 1260 2410 duodecimo
1279 2362 1328 2406 δι

54 2448 276 2497 Cornelio
307 2445 546 2495 DolabeHa
568 2442 866 2498 Consulibus,
886 2440 930 2485 in
950 2438 1058 2483 villa
1079 2434 1328 2483 Lanuvium

847 2514 1023 2571 ,ΕΞ
