1637 2785
325 145 645 194 SEVERUS
682 148 1132 197 lMPERATOR.
1293 161 1376 215 ¹55

97 257 281 321 perium.
315 258 522 321 Denique
556 276 657 305 cum
695 258 829 305 occifi
859 258 995 306 effent
1028 257 1276 316 nonnulli,
1303 261 1386 306 Sea

97 348 231 378 verus
258 331 298 378 se
325 332 584 378 excusabat:
615 334 664 378 &
693 331 792 392 post
826 348 984 378 eorum
1023 345 1214 379 mortem
1250 342 1386 396 nega-I

99 403 173 450 bat
200 402 294 449 fieri
323 402 363 448 se
394 402 579 463 juffiffe,
608 404 732 464 quod
761 402 922 449 faRum
950 403 1030 451 est:
1057 404 1182 468 quod
1205 405 1258 452 de
1286 409 1387 453 Laed

100 486 151 520 to
181 474 406 537 praecipue
433 476 601 521 Marius
626 475 852 522 Maximus
873 475 995 523 dicit.
1017 477 1134 523 Cum
1160 477 1288 523 soror
1310 477 1386 525 sua

101 548 331 609 Leptitana
357 548 410 593 ad
434 564 534 593 eum
566 547 777 604 venisset,
803 547 881 594 vix
910 548 1063 596 Latine
1090 549 1304 612 loquens,
1331 566 1385 597 ae

101 621 157 665 de
191 619 264 665 illa
304 620 491 666 multum
528 623 776 680 Imperator
811 619 1114 678 erubesceret,
1144 620 1249 667 dato
1287 619 1388 666 filio

101 691 194 751 ejus
225 692 314 739 lato
346 694 509 750 clav0‚
541 705 673 755 atque
699 691 778 753 ipsi
816 693 965 739 multis
994 694 1283 749 muneribus,
1315 709 1391 739 re-

103 764 197 811 dire
216 765 446 812 mulierem
466 765 510 809 in
536 765 720 826 patriam
745 765 978 827 praecepit:
1003 768 1052 814 ὃ(
1078 766 1257 831 quidem
1282 781 1389 813 cum

104 836 226 894 filio,
253 838 329 901 qui
358 837 487 884 brevi
520 838 612 884 vita
638 836 871 884 defunctus
901 839 975 885 est.

188 913 314 959 XVI.
346 913 508 959 AEstate
537 911 670 973 igitur
697 910 784 972 jam
816 925 1037 971 exeunte,
1064 912 1285 959 Parthiam
1315 911 1392 959 ind

106 985 295 1049 greffus,
329 984 698 1047 Ctesiphontem,
739 986 867 1046 pulso
905 1002 1037 1049 rege,
1076 985 1307 1047 pervenit:
1341 988 1391 1033 &

107 1059 254 1122 cepit,
291 1059 469 1114 hiemali
503 1076 644 1122 prope
674 1073 904 1121 tempore,
941 1058 1096 1124 (quod
1131 1061 1176 1105 in
1209 1060 1291 1105 illis
1322 1076 1394 1110 req

107 1132 321 1195 gionibus
352 1133 507 1180 melius
541 1150 618 1195 per
642 1133 829 1180 hiemem
858 1133 970 1180 bella
994 1134 1261 1196 traEtantur)
1286 1150 1392 1181 cum

108 1206 343 1251 herbarum
381 1205 603 1252 radicibus
649 1206 809 1253 milites
850 1207 1084 1265 viverent,
1118 1220 1250 1271 atque
1289 1206 1394 1253 inde

106 1277 295 1323 morbos
320 1276 690 1340 aegritudinesque
729 1279 1080 1326 contrahet-ente
1099 1294 1234 1341 quare
1262 1295 1391 1335 cum,

109 1348 422 1396 obsistentibus
446 1349 644 1406 Parthis,
675 1351 842 1399 fluente
870 1369 1055 1416 quoque
1079 1369 1157 1415 per
1192 1351 1395 1398 insuetu-

109 1423 258 1470 dinem
294 1422 382 1471 cibi
410 1425 518 1471 alvo
544 1425 732 1471 militum
752 1461 764 1482 ‚
797 1425 975 1489 longius
1002 1424 1066 1470 ire
1100 1440 1193 1470 non
1220 1423 1395 1486 poffet,

108 1509 258 1543 tamen
290 1496 505 1559 perstitit,
532 1498 578 1542 &
605 1497 819 1559 oppidum
852 1497 995 1558 cepit,
1026 1498 1074 1544 &
1098 1512 1243 1558 regem
1269 1495 1396 1559 fuga-

109 1568 175 1616 vit
190 1604 202 1626 ,
223 1585 273 1616 ac
297 1569 515 1630 plurimos
531 1569 731 1616 intermit
746 1605 758 1626 ,
779 1572 827 1616 &
845 1570 1088 1616 Parthicum
1115 1584 1283 1615 nomen
1303 1586 1396 1616 me-

111 1640 214 1687 ruit.
241 1641 319 1688 Ob
341 1641 432 1686 hoc
460 1640 591 1687 etiam
623 1641 764 1688 filium
797 1640 889 1702 ejus
918 1640 1161 1687 Baffianum
1194 1641 1397 1687 Antoni-

112 1730 248 1768 num,
274 1712 352 1774 qui
387 1715 522 1774 Caesar
545 1713 789 1775 appellatus
813 1711 899 1772 jam
925 1713 1097 1770 fuerat,
1125 1729 1292 1759 annum
1320 1713 1397 1759 de-

112 1783 463 1831 cimumtertium
496 1797 728 1847 agentem,
761 1785 1020 1847 participem
1053 1784 1227 1847 imperii
1265 1784 1398 1831 dixe-

111 1867 218 1902 runt
245 1855 420 1902 milites.
447 1857 606 1902 Getam
634 1872 844 1919 quoque,
871 1856 1092 1902 minorem
1119 1855 1282 1911 filium,
1306 1858 1399 1901 Cae-

102 1930 241 1991 fizrem
278 1928 510 1985 dixerunt,
547 1929 737 1974 eundem
775 1932 1069 1986 Antoninum,
1103 1941 1152 1975 ut
1191 1928 1397 1991 plerique

114 2005 160 2051 in
187 2004 330 2049 literas
364 2003 568 2059 tradunt,
595 2003 879 2065 appellantes.
921 2004 1091 2049 Harum
1129 2003 1400 2065 appellatio-

114 2093 223 2122 num
245 2075 369 2121 causa
394 2075 660 2123 donativum
688 2075 901 2122 militibus
931 2074 1215 2138 largiffimum
1245 2074 1399 2129 dedit,

117 2148 322 2196 conceffa
355 2148 482 2194 omni
515 2149 662 2212 praeda
691 2149 848 2211 oppidi
877 2147 1096 2204 Parthici,
1122 2147 1244 2209 quod
1273 2146 1400 2192 mili-

117 2235 184 2269 tes
223 2222 492 2285 quaerebant.
527 2224 633 2269 Inde
669 2223 713 2269 in
745 2223 923 2286 Syriam
966 2221 1098 2268 rediit
1140 2221 1314 2278 νίἃοτ,
1347 2223 1400 2270 δε

120 2294 372 2342 Parthicum
403 2293 705 2342 deferentibus
739 2295 818 2341 fibi
858 2293 1058 2341 Patribus
1092 2293 1399 2356 triumphum,

117 2367 292 2414 idcirco
325 2366 572 2423 recusavit,
611 2368 735 2431 qupd
769 2367 1004 2415 consistere
1033 2366 1079 2412 in
1119 2382 1252 2413 curru
1288 2365 1401 2412 affe-

119 2441 214 2490 &us
249 2439 474 2491 articulari
505 2441 669 2489 morbo
705 2457 800 2489 non
838 2441 995 2505 poffet.
1031 2438 1130 2490 filio
1158 2438 1258 2489 sane
1285 2454 1402 2492 con*
