1637 2785
316 157 997 206 ‘HADMANus
1263 178 1315 224 15

43 269 246 326 videret,
266 281 393 314 arcus
416 263 588 327 specie,
610 275 659 310 ut
680 264 844 310 dicitur
860 301 872 321 ,
891 265 1081 313 varium.
1100 266 1205 314 Inde
1222 268 1322 314 Ro-

41 359 158 390 mam
181 339 331 396 venit,
347 350 478 401 atque
494 355 547 384 ex
565 353 614 383 ea
636 336 680 382 in
706 335 902 383 Africam
926 338 1122 396 transiit,
1143 356 1193 385 ac
1214 340 1325 385 mul·

43 427 141 462 tum
179 410 501 459 beneficiorum
552 409 805 471 provinciis
845 409 1067 456 Africanis
1112 412 1326 459 attribuit.

43 491 140 536 Nec
159 485 385 549 quisquam
412 483 503 531 fere
526 484 786 546 Principum
808 495 979 529 tanturn
999 497 1212 529 terrarum
1236 498 1325 530 tam

44 559 246 609 celeriter
262 559 525 622 peragravit.
542 558 758 620 Denique
780 573 881 604 cum
903 556 1003 619 post
1016 556 1209 603 Africam
1233 559 1329 604 Ro-

44 651 162 682 mam
195 633 394 691 rediffet,
427 632 569 679 statim
602 632 655 678 ad
685 631 921 678 Orientem
961 630 1215 693 profectus,
1251 648 1328 693 per

45 709 242 756 Athenas
271 707 352 754 iter
382 706 515 763 fecit,
548 721 679 769 atque
712 722 880 768 opera,
909 721 1011 767 quae
1041 705 1157 766 apud
1195 705 1332 749 Athe-

45 781 218 828 nienses
238 794 458 843 coeperat,
473 779 697 828 dedicavit
712 797 722 825 ε
736 776 923 825 utJovis
942 777 1155 841 Olympii
1178 776 1333 828 aedern,

45 856 98 902 &
123 871 239 901 aram
269 854 372 901 fibi:
401 854 652 917 eodemque
686 852 826 898 modo
863 867 941 912 per
972 850 1116 897 Asiam
1150 849 1234 895 iter
1267 849 1333 894 fa-

48 925 196 982 ciens,
228 924 393 987 templa
424 924 487 970 sui
527 921 725 970 nominis
756 920 1059 969 consecravit.
1090 920 1274 967 Deinde
1311 936 1334 965 a

50 999 398 1061 Cappadocibus
443 997 621 1045 servitia
666 995 815 1044 castris
857 994 1093 1054 profutura
1135 993 1338 1051 suscepit.

49 1066 311 1128 Toparchas
331 1075 378 1113 ἃ(
401 1084 525 1126 ,φερε
552 1065 606 1110 ad
627 1063 867 1110 amicitiam
895 1061 1141 1117 invitavit3
1164 1062 1338 1109 invita-

50 1149 102 1183 to
130 1138 262 1182 etiam
296 1133 502 1181 Cosdroe
535 1150 637 1196 rege
668 1134 958 1192 Parthorum,
986 1134 1246 1198 remissaque
1276 1136 1338 1182 illi

51 1208 171 1267 filia,
204 1226 338 1273 quam
373 1208 594 1268 Traianus
629 1220 835 1271 ceperat,
869 1224 919 1255 ac
954 1209 1169 1270 promissa
1210 1210 1340 1267 sella,

51 1300 156 1347 quae
188 1283 340 1330 itidem
369 1295 497 1345 capta
532 1282 689 1330 fuerat.
716 1299 907 1346 cumque
941 1283 996 1329 ad
1030 1300 1130 1330 eum
1163 1284 1340 1347 quidam

51 1372 176 1419 reges
202 1354 452 1412 venissent,
478 1355 538 1410 ita
567 1350 671 1401 c‘um
701 1355 769 1401 his
799 1353 913 1417 egit,
945 1366 994 1400 ut
1031 1371 1111 1402 eos
1147 1358 1342 1418 poenite-

52 1442 142 1487 ret,
166 1428 246 1493 qui
272 1428 429 1475 venire
457 1428 706 1475 noluerunt
725 1464 739 1485 ,
760 1428 885 1474 causa
918 1428 1143 1490 speciatim
1166 1432 1343 1477 Pharas-

54 1500 224 1559 manis,
254 1500 330 1564 qui
365 1498 460 1561 ejus
498 1500 815 1547 invitationem
857 1499 1042 1563 superbe
1082 1502 1342 1564 neglexerit.

54 1576 110 1621 Et
131 1575 395 1622 circumiens
419 1574 601 1637 quidem
640 1573 932 1635 provincias,
953 1587 1267 1635 procuratores
1293 1578 1344 1623 &

56 1648 259 1710 praesides
287 1663 371 1709 pro
399 1646 524 1692 factis
554 1645 775 1706 supplicio
804 1645 982 1702 affecit3
1006 1647 1065 1693 ita
1094 1647 1270 1707 severe,
1296 1663 1346 1695 ut

58 1719 335 1768 accusatores
356 1736 434 1782 per
452 1719 493 1765 se
514 1721 767 1766 crederetur
788 1719 1042 1767 immittere.

122 1794 248 1840 XIV.
273 1793 600 1839 Antiochenses
617 1792 733 1838 inter
754 1793 847 1839 haec
875 1793 932 1839 ita
960 1794 1073 1841 odio
1099 1795 1281 1851 habuit,
1299 1809 1347 1842 ut

57 1869 233 1933 Syriam
260 1886 282 1914 a
314 1868 534 1915 Phoenice
560 1868 757 1931 separare
783 1867 1013 1925 voluerit,
1045 1885 1101 1915 ne
1131 1882 1200 1913 tot
1230 1868 1348 1914 civi-

57 1953 198 1987 tatum
232 1941 499 2004 metropolis
536 1940 783 1988 Antiochia
821 1940 1056 1988 diceretur.
1099 1942 1349 1987 Moverunt

59 2030 112 2061 ea
143 2015 397 2078 tempestate
426 2017 474 2062 &
503 2015 643 2062 Judae'i
677 2015 871 2073 bellum,
913 2016 1040 2077 quod
1081 2014 1349 2060 vetabantur

62 2087 270 2134 mutilare
295 2088 519 2152 genitalia.
547 2089 632 2135 Sed
669 2088 715 2135 in
747 2100 903 2135 monte
933 2088 1109 2144 Caffio,
1142 2104 1242 2132 curn
1277 2087 1348 2132 vi-

63 2158 198 2207 dendi
222 2160 326 2208 solis
350 2174 478 2207 ortus
502 2160 640 2223 gratia
663 2162 792 2207 nofie
809 2160 1089 2215 ascendisset,
1109 2159 1251 2203 imbre
1276 2175 1350 2204 oz·-

60 2243 128 2288 το,
164 2232 334 2279 fulmen
358 2235 564 2282 decidens
593 2234 783 2282 hostiam
805 2236 855 2281 &
887 2232 1185 2279 viffimarium
1213 2231 1350 2277 {aer}-

63 2302 214 2352 ficanti
232 2307 412 2355 afflavit.
423 2310 559 2372 Perag
574 2321 665 2355 rata
678 2309 861 2364 Arabia,
884 2308 1100 2353 Pelusium
1123 2307 1248 2351 venit
1264 2342 1276 2361 ,
1298 2307 1349 2352 &

65 2376 269 2440 Pompeji
305 2381 526 2427 tumulum
562 2380 917 2444 magnificentius
951 2379 1181 2425 exstruxit.
1219 2380 1352 2424 Anti-

69 2468 212 2501 noum
246 2453 400 2514 suum,
431 2455 536 2502 dum
569 2472 647 2519 per
684 2455 838 2502 Nilum
865 2455 1044 2518 navigat
1071 2489 1085 2514 ‚
1124 2454 1353 2518 perdiditj,
