1714 2807
309 163 398 210 5232
500 150 731 197 AEL11
798 148 1371 196 LAMPRIDII

307 252 497 299 venisset
544 264 706 299 vocata
747 253 799 299 ad
842 252 1087 299 Consulum
1129 251 1357 311 subsellia,
1392 254 1585 302 seriben:

265 385 269 389 .
307 328 370 373 do
408 326 563 385 affuit,
590 326 636 373 id
673 326 766 384 est‘,
806 326 1166 373 senatusconsulti
1206 327 1479 376 conficiendi
1516 343 1585 376 te-

307 399 382 447 stis
404 415 414 443 :
444 398 649 461 solusque
674 399 878 446 omnium
909 402 1232 461 Imperatorum
1252 399 1364 457 fuit,
1397 401 1475 447 sub
1492 417 1586 463 quo

307 473 468 520 mulier
496 473 616 536 quafi
634 472 890 527 clarissima,
919 473 1026 519 loco
1051 473 1135 518 viri
1164 476 1371 520 Senatum
1404 474 1587 536 ingressa

308 549 384 595 est.
420 548 541 594 Fecit
572 550 620 595 &
646 548 690 593 in
726 548 842 594 colle
870 548 1097 607 Quirinali
1128 547 1406 604 senaculum,
1426 547 1471 593 id
1500 547 1589 604 eff,

308 621 544 668 mulierum
572 623 778 667 Senatum
798 657 810 678 ‚
831 621 876 667 in
903 637 995 681 quo
1028 634 1125 666 ante
1162 619 1304 665 fuerat
1333 631 1589 666 conventus

308 695 570 742 matronalis
587 731 599 752 ‚
632 695 901 741 solemnibus
933 696 1162 739 dumtaxat
1190 693 1370 749 diebus,
1387 695 1435 738 &
1455 693 1482 737 ti
1506 709 1590 738 un·-

308 783 444 829 quam
466 767 610 830 aliqua
640 780 842 813 matrona
871 764 1131 812 Consularis
1159 763 1362 827 conjugii
1389 764 1493 811 esset
1514 781 1590 811 or·

311 840 531 887 namentis
557 842 751 887 donata:
778 840 903 901 quod
931 851 1103 884 veteres
1131 841 1422 899 Imperatores
1447 837 1590 885 affini-

311 911 394 958 bus
435 913 720 969 detulerunt,
759 915 806 960 &
844 912 910 958 liis
941 912 1133 958 maxime
1154 946 1167 967 ,
1193 928 1291 973 quae
1325 911 1591 958 nobilitatos

311 984 500 1031 maritos
542 1001 636 1030 non
672 986 947 1039 habuerant,
976 1000 1030 1030 ne
1060 983 1359 1030 innobilitatae
1390 999 1591 1030 remane-

312 1068 423 1102 rent.
466 1057 551 1102 Sed
588 1057 888 1103 Semiamirica
929 1055 1037 1102 faeta
1083 1055 1179 1101 sunt
1217 1056 1592 1109 senatusconsulta

314 1127 503 1175 ridicula
527 1130 581 1175 de
608 1129 778 1192 legibus
808 1128 1157 1175 matronalibus:
1179 1145 1281 1190 quae
1304 1144 1398 1193 quo
1427 1127 1594 1175 vestitu

313 1199 542 1249 incederet
559 1238 571 1259 ‚
590 1219 691 1266 quae
713 1203 784 1248 cui
817 1204 990 1248 cederet
1005 1238 1016 1257 ‚
1042 1219 1144 1263 quae
1174 1204 1225 1248 ad
1244 1201 1369 1264 cujus
1388 1202 1592 1249 osculum

315 1273 530 1329 veniret;
567 1292 667 1337 quae
703 1274 910 1336 pilento,
943 1292 1042 1338 quae
1074 1291 1192 1336 equo
1226 1274 1469 1338 sagmario,
1494 1291 1593 1338 quae

315 1347 440 1396 asino
460 1348 721 1403 veheretur;
743 1365 846 1411 quae
869 1361 1083 1410 carpento
1103 1349 1259 1394 mulari
1275 1385 1287 1407 ‚
1307 1366 1405 1412 quae
1426 1350 1595 1405 boum3

317 1433 418 1478 quae
451 1417 554 1464 sella
583 1420 849 1475 veheretur,
869 1421 918 1467 &
941 1433 1088 1466 utrum
1115 1420 1297 1482 pellicea
1314 1456 1327 1478 ‚
1353 1438 1408 1467 an
1443 1421 1562 1467 ossea
1580 1458 1595 1480 ,

317 1505 372 1536 an
403 1490 616 1547 eborata,
641 1508 694 1538 an
720 1504 970 1555 argentata;
994 1494 1043 1540 &
1067 1509 1168 1556 quae
1194 1510 1349 1540 aurum
1371 1494 1444 1542 vel
1469 1511 1594 1557 gem-

316 1578 412 1608 mas
438 1563 482 1609 in
513 1563 813 1609 calciamentis
836 1565 1063 1614 haberent.

402 1639 457 1682 V.
503 1639 622 1701 Ergo
662 1655 762 1685 cum
808 1640 1071 1687 hibernass'et
1112 1640 1425 1699 Nicomediae,
1465 1652 1599 1703 atque

320 1709 474 1757 omnia
506 1709 680 1755 sordide
706 1724 879 1773 ageret,
900 1712 1174 1774 inireturque
1200 1729 1224 1759 a
1251 1713 1361 1758 viris
1391 1715 1439 1760 &
1472 1713 1599 1759 suba-

320 1795 413 1839 ret‚
436 1782 574 1828 statim
605 1784 766 1831 milites
796 1784 895 1831 faeti
923 1785 985 1830 sui
1011 1786 1226 1846 poenituit
1243 1821 1256 1843 ‚
1284 1786 1409 1848 quod
1433 1786 1476 1831 in
1500 1788 1599 1832 Ma·

324 1856 501 1904 crinum
532 1859 925 1922 conspiraverant,
962 1872 1013 1906 ut
1043 1860 1163 1906 hunc
1193 1860 1445 1920 Principem
1477 1859 1598 1907 face·

323 1943 454 1977 rent:
484 1942 617 1993 atque
653 1932 698 1978 in
729 1932 1049 1980 consobrinum
1084 1932 1277 1991 ejusdem
1320 1931 1598 1994 Heliogabali

325 2002 631 2049 Alexandrum
647 2038 659 2061 ,
683 2021 813 2066 quem
839 2003 1058 2051 Caesarem
1077 2005 1288 2059 Senatus,
1309 2005 1513 2050 Macrino
1532 2005 1599 2050 in-

323 2085 544 2130 teremtO,
583 2075 919 2136 appellaverat,
953 2075 1229 2122 inclinavere
1260 2074 1448 2122 animos.
1483 2074 1601 2135 Quis

323 2146 444 2191 enim
470 2146 584 2192 ferre
608 2146 748 2208 poffet
771 2147 1019 2210 Principem
1035 2183 1048 2204 ‚
1070 2163 1148 2210 per
1172 2148 1324 2193 cunCla
1351 2164 1462 2194 cava
1498 2163 1601 2194 cor-

322 2219 448 2281 poris
479 2218 709 2266 libidinem
742 2220 1027 2282 recipientem
1049 2257 1061 2277 ,
1085 2239 1185 2268 cum
1207 2237 1262 2267 ne
1286 2221 1473 2267 belluam
1499 2221 1601 2284 qui·

325 2294 427 2337 dem
463 2293 595 2339 talem
625 2292 857 2356 quisquam
891 2293 1038 2341 ferat?
1074 2295 1233 2339 Romae
1266 2295 1458 2358 denique
1493 2293 1603 2339 nihil

326 2365 415 2425 egit
448 2365 566 2412 aliud
584 2402 595 2423 ‚
620 2366 700 2412 nisi
727 2379 777 2412 ut
805 2367 1046 2414 emissarios
1073 2368 1278 2422 haberet,
1309 2367 1385 2430 qui
1421 2366 1461 2413 ei
1489 2366 1602 2413 bene

328 2435 507 2490 vasatos,
544 2439 889 2503 perquirerent,
925 2440 1089 2505 eosque
1128 2442 1182 2489 ad
1211 2441 1355 2488 aulam
1390 2441 1606 2507 perducem
