1714 2807
334 148 427 196 108
538 147 971 194 TREBELLII
1017 147 1453 196 POLLIONrs

328 253 589 309 ferrarium,
620 265 952 320 nuncuparunt.
976 253 1062 300 Sed
1088 254 1140 300 de
1170 255 1261 303 hoc
1291 255 1422 303 nimis
1448 255 1610 305 multa:

327 328 381 373 de
404 343 496 390 quo
515 327 625 373 illud
645 327 855 373 addidiss'e
878 326 979 374 satis
994 327 1079 384 est,
1095 327 1262 374 'nullius
1283 345 1438 375 manus
1461 330 1534 375 vel
1554 330 1612 376 ad

327 400 577 448 feriendum
599 436 613 458 ‚
651 400 725 452 vel
749 401 1168 463 .ad,impellendtun
1205 402 1418 449 fortio-res
1454 402 1611 460 fuiffe,

323 491 429 523 cum
455 474 501 520 in
523 474 668 538 digitis
698 490 868 522 nervos
898 475 1124 523 videretur
1152 476 1372 534 habuisse,
1401 493 1497 523 non
1527 493 1610 523 ve-

326 563 417 595 nas.
447 548 563 594 Nam
596 548 644 595 &
681 564 805 595 carra
836 548 1064 596 venientia
1102 549 1246 612 digito
1277 550 1447 598 salutari
1474 566 1612 610 repu-

326 621 416 667 liffe
438 621 625 681 dicitur,
658 622 707 669 ὅ(
732 621 992 668 fortissimos
1019 621 1224 685 quosque
1257 639 1350 669 uno
1380 623 1520 686 digito
1553 624 1612 670 sic

324 694 554 751 afflixisse,
582 707 632 740 ut
653 694 772 756 quast
794 693 902 755 ligni
922 694 995 740 vel
1029 693 1134 740 ferri
1151 695 1392 741 obtusioris
1408 697 1494 742 ἱὲὶιι
1515 711 1612 757 per-

324 767 433 814 cuffi
471 766 693 813 dolerent.
728 766 871 811 Multa
908 765 1100 811 duorum
1135 766 1379 828 digitorum
1411 765 1614 813 allisione

325 838 565 887 contrivit.
593 838 781 885 Occisus
809 837 872 885 est
900 854 922 884 a
948 839 1146 901 quodam
1181 839 1350 896 milite,
1380 839 1490 902 qui,
1510 855 1612 886 cum

326 911 421 972 ejus
450 911 680 973 quondam
711 910 942 972 operarius
976 911 1022 957 in
1054 910 1198 958 fabrili
1225 912 1409 959 officina
1438 911 1614 970 fuiffet,

325 996 584 1031 contemtus
617 983 677 1031 est
712 984 767 1030 ab
806 984 997 1041 eodem,
1037 984 1112 1031 vel
1151 1002 1253 1032 cum
1290 985 1506 1042 duxiss'et,
1540 983 1615 1031 vel

321 1074 424 1105 cum
445 1056 907 1120 imperiumficepiffet.
934 1056 1157 1105 Addidiffe
1177 1058 1270 1106 haec
1293 1059 1428 1105 verba
1451 1057 1615 1105 dicitur

324 1128 616 1176 interemtor:
643 1131 730 1175 Hic
761 1131 814 1196 ⁶ss
835 1133 1033 1191 gladius,
1063 1149 1176 1192 quem
1201 1131 1446 1196 1'JJfifectsti.
1473 1127 1616 1189 Hujus

324 1203 494 1251 concio
531 1203 670 1264 prima
700 1204 797 1250 talis
828 1204 956 1250 fuiffe
989 1205 1175 1252 dicitur:
1208 1209 1330 1264 Scio,
1369 1207 1617 1251 commilito-

323 1296 425 1335 nes,
456 1277 567 1341 pqffe
599 1279 707 1324 milii
744 1278 869 1335 objici
910 1295 1035 1324 artem
1067 1281 1316 1344 pristinam,
1357 1279 1476 1335 cujus
1510 1280 1616 1324 mihi

326 1368 468 1397 omnes
504 1351 613 1415 testes
646 1352 745 1416 estis.
774 1355 859 1397 Sed
889 1354 1003 1397 dicat
1035 1354 1221 1413 quisaue,
1253 1339 1365 1413 quod
1395 1357 1496 1398 vult.
1531 1355 1614 1398 uti-

323 1443 425 1468 nam
457 1424 615 1483 semper
641 1423 801 1481 fi’rrum
833 1441 1066 1469 exerceam:
1097 1443 1181 1469 non
1213 1427 1340 1479 vino,
1380 1442 1465 1469 non
1482 1425 1614 1486 flori-

324 1498 422 1549 bus,
457 1513 543 1539 uon
578 1496 859 1549 mulierculis,
892 1514 978 1541 non
1005 1497 1209 1555 popinis,
1242 1511 1288 1540 ut
1306 1495 1422 1552 facit
1451 1497 1614 1543 Gallie-

323 1584 433 1623 nus,
462 1568 663 1628 indignus
689 1584 804 1626 patre
820 1568 906 1626 suo
930 1565 975 1617 6,·
992 1569 1070 1628 sui
1095 1569 1250 1628 generis
1279 1570 1519 1622 nobilitate,
1542 1571 1614 1614 de-

321 1658 494 1700 peream.
519 1644 611 1685 Ars
639 1640 744 1684 milzi
775 1638 1002 1695 objiciatur
1014 1639 1194 1697 ferraria
1210 1674 1222 1694 ‚
1244 1641 1342 1684 dum
1373 1658 1434 1685 me
1467 1637 1510 1685 ὅ·
1535 1659 1614 1692 ex·-

323 1729 413 1759 terae
442 1728 578 1773 gentes
610 1711 772 1770 ferrum
808 1709 1024 1774 attreilaffi
1055 1712 1151 1775 fitis
1193 1713 1383 1757 cladibus
1421 1730 1615 1774 recogno-

317 1787 446 1847 scant
472 1788 517 1831 itz
543 1788 684 1831 Italia.
710 1786 925 1845 Denique,
952 1801 996 1830 ut
1017 1787 1151 1829 onmis
1178 1786 1440 1831 Alamannia
1463 1787 1614 1845 omnis²

323 1878 396 1920 que
417 1861 647 1904 Germania
671 1877 760 1904 cum
782 1862 916 1904 ceteris
930 1892 942 1914 ‚
960 1876 1046 1918 quae
1063 1858 1279 1913 adjacent,
1296 1861 1508 1919 gentibus,
1527 1860 1614 1904 Ro-

322 1950 494 1977 manum
521 1935 720 1991 populum
740 1932 943 1990 ferratam
969 1947 1117 1991 putent
1145 1947 1326 1993 gentem,
1355 1949 1401 1977 ut
1411 1933 1614 1992 speciali-

322 2020 381 2048 ter
408 2005 452 2048 in
491 2006 610 2048 nobis
631 2003 794 2061 ferrum
827 2006 1011 2050 timeant.
1045 2007 1134 2048 Vos
1172 2019 1310 2048 tamen
1337 2006 1522 2064 cogitetis
1549 2023 1615 2049 ve-

323 2079 397 2121 lim
418 2111 432 2133 ,
457 2074 603 2138 feczffe
629 2094 704 2122 vos
740 2079 1003 2136 Principem,
1030 2077 1102 2137 qui
1135 2094 1348 2136 nunquam
1387 2079 1614 2137 quidquam

312 2149 456 2209 fiierit
493 2148 688 2203 traiicere,
725 2149 810 2211 nisi
827 2149 997 2206 ferrum.
1033 2149 1162 2209 Quod
1189 2151 1341 2193 idcirco
1373 2150 1487 2204 dico,
1515 2149 1613 2208 qula

315 2222 411 2282 scio
427 2255 438 2275 ‚
457 2224 563 2267 milzi
584 2241 611 2268 a
632 2222 953 2286 luxuriofiffima
974 2226 1050 2268 illa
1063 2224 1167 2289 peste
1186 2225 1298 2268 nihil
1314 2224 1470 2282 opponi
1484 2219 1614 2284 poſje,

323 2293 408 2358 nist
422 2295 498 2340 lzoc
511 2329 524 2355 ‚
543 2298 654 2356 quod
669 2298 906 2359 gladiorum
929 2313 1215 2357 armorumque
1234 2295 1387 2354 artifex
1393 2294 1566 2354 fuerim.
