1637 2785
284 127 472 176 VITAE
515 125 1132 178 VALERIANORUM.
1272 131 1400 201 ,63>

91 234 294 285 'larianum
309 238 404 297 suis
434 240 562 283 redde.
592 255 663 298 ego
680 242 869 300 gratulor
881 237 1085 295 felicitati
1113 254 1188 283 tuae
1205 270 1218 294 ,
1259 257 1274 282 ι
1298 253 1368 282 ta·
1391 228 1395 235 ‘

90 339 181 367 men
209 321 286 366 illa
313 318 516 378 utifiias.
538 319 735 365 Velenus
766 337 842 365 rex
865 319 1156 366 Cadusiorum
1180 319 1236 366 fic
1258 318 1371 366 scri-v

89 401 202 464 pfit:
228 397 406 462 Remiffiz
434 402 540 446 milti
560 404 727 446 auxilia
760 402 917 463 integra
947 400 990 448 δ’
1025 405 1246 448 incolumia
1266 421 1369 465 gra-

89 498 226 528 tanter
242 482 388 540 accepi.
398 481 478 541 sed
500 496 663 541 captum
692 484 963 527 Valerianum
986 485 1221 542 Principem
1246 485 1370 543 prin-

89 565 226 623 cipum
254 581 338 606 non
356 562 470 621 satis
492 566 703 623 gratulor:
727 565 863 623 magis
889 568 1142 624 gratularer,
1178 584 1193 609 ι
1227 566 1371 610 redde-

88 658 209 690 retur.
240 644 427 687 Romani
448 644 558 688 enirn
582 644 789 705 graviores
812 658 909 688 tunc
924 641 1059 702 sunt,
1079 647 1246 702 quando
1272 647 1371 688 vin-

89 737 254 768 cuntur.
283 727 377 784 Age
404 723 560 784 igitur,
589 738 634 768 ut
661 726 902 784 prudentem
929 725 1035 768 decet
1051 740 1066 768 :
1091 741 1162 767 nec
1167 723 1312 781 forma
1330 738 1371 768 ‘te

87 804 350 866 inflammet,
383 822 468 865 quae
500 808 650 851 multos
682 808 845 865 decepit.
883 807 1134 850 Valerianus
1166 803 1208 850 δ’
1231 806 1371 864 filium

91 889 378 948 Imperatorem
416 889 556 944 habet,
596 886 638 935 δ’
677 904 859 948 nepotem
903 889 1127 949 Caesarem:
1163 885 1205 934 θ’
1235 890 1337 949 quid
1346 889 1390 932 θ’

91 969 214 1014 habet
243 967 287 1016 δ’
318 989 477 1016 omnem
503 973 632 1016 orbem
661 971 902 1016 Romanum
918 1003 930 1024 ‚
954 971 1024 1029 qui
1043 982 1181 1014 conara
1208 984 1244 1014 te
1263 983 1374 1013 totus

92 1047 136 1092 in
158 1065 277 1109 urget.
310 1044 451 1096 Redde
485 1053 613 1112 igitur
646 1052 945 1106 Valerianum,
977 1047 1019 1095 G·
1042 1049 1122 1108 fac
1152 1068 1243 1095 cum
1279 1051 1374 1095 Ro-

93 1129 236 1172 manis
253 1146 397 1188 pacem
410 1163 424 1186 ‚
443 1132 562 1175 nobis
579 1131 702 1174 etiam
719 1132 767 1174 oh
792 1145 929 1191 gentes
949 1130 1146 1176 Ponticas
1161 1130 1376 1189 futuram.

95 1207 345 1255 Artabastes
367 1225 444 1254 rex
470 1210 773 1254 Armenorum
801 1207 932 1254 talem
957 1208 1013 1254 ad
1041 1209 1252 1270 Saporem
1281 1208 1374 1271 epi-

94 1286 254 1333 stolam
283 1287 422 1334 mifit:
443 1291 497 1334 In
518 1304 678 1349 partem
698 1292 839 1351 gloriae
860 1292 980 1336 venio
996 1308 1014 1336 .·
1035 1291 1118 1351 sed
1146 1310 1304 1347 vereor,
1323 1310 1373 1337 ne

95 1387 182 1414 non
214 1386 300 1415 tam
329 1371 494 1422 viceris,
514 1387 639 1430 quam
665 1372 770 1415 bella
782 1370 948 1430 severis.
971 1373 1239 1417 Valerianum
1259 1369 1377 1428 &fi-

95 1454 180 1499 lius
215 1464 382 1510 repetet,
419 1446 463 1494 G*
493 1467 645 1510 ηεροδ,
684 1447 727 1495 δ’
760 1453 878 1495 duces
911 1452 1124 1506 Romani,
1154 1448 1198 1496 ὃ*
1237 1453 1379 1496 omnis

95 1533 246 1579 Gallia
259 1568 273 1591 ,
292 1530 335 1579 δ’
351 1534 490 1578 omnis
507 1532 686 1591 Africa,
709 1529 750 1578 δ’
765 1534 900 1577 omnis
917 1533 1137 1592 Hispania
1150 1566 1162 1588 ,
1179 1529 1221 1577 δ’
1240 1536 1378 1591 omnis

97 1618 258 1673 Italia,
287 1614 330 1663 <fr
364 1633 504 1662 omnes
535 1630 692 1677 gentes,
727 1632 813 1675 quae
825 1616 933 1675 sunt
962 1617 1009 1660 in
1035 1617 1234 1676 Illyrico,
1257 1631 1378 1674 atque

98 1700 144 1744 in
182 1699 333 1744 oriente
372 1694 414 1742 G*
454 1699 500 1741 in
539 1698 701 1751 Ponto,
734 1714 818 1756 quae
851 1714 940 1741 cum
973 1697 1182 1741 Romanis
1210 1696 1379 1756 confin-

98 1779 237 1834 tiunt‚
279 1792 352 1822 aut
384 1779 671 1822 Romanorum
693 1776 811 1835 sunt.
847 1778 990 1821 Unum
1027 1793 1116 1837 ergo
1141 1775 1283 1835 senem
1318 1793 1380 1820 ce-

94 1857 191 1922 pisti
207 1891 219 1911 ‚
249 1853 292 1901 δ’
312 1873 448 1901 omnes
475 1871 610 1917 gentes
644 1857 750 1900 orbis
776 1870 967 1900 terrarum
997 1854 1268 1922 infestiffi'mas
1301 1855 1378 1900 tibi

89 1935 256 2001 fecisti:
277 1934 464 1997 fortaffis
499 1933 542 1982 G*
574 1938 725 1994 nobis,
756 1939 826 1997 qui
859 1938 1027 1982 auxilia
1064 1937 1271 2000 misimus,
1307 1937 1379 1995 qui

99 2020 230 2066 vicini
245 2018 398 2078 sumus
412 2052 424 2073 ‚
451 2020 521 2078 qui
538 2018 701 2078 semper
726 2018 844 2064 vobis
867 2020 974 2063 inter
997 2035 1072 2063 vos
1090 2019 1378 2078 pugnantibus

101 2102 351 2147 laboramus.
371 2097 570 2144 Baelrani
584 2134 600 2155 ,
627 2100 676 2146 &
704 2097 845 2157 Iberi,
866 2099 916 2146 &
939 2097 1100 2144 Albani
1119 2133 1134 2154 ,
1167 2099 1218 2144 &
1250 2098 1380 2144 Tau-

101 2176 330 2240 roscythae
367 2176 544 2238 Saporis
579 2176 724 2224 literas
755 2192 852 2224 non
886 2188 1179 2238 receperunt,
1213 2175 1285 2223 sed
1323 2175 1381 2223 ad

102 2260 339 2305 Romanos
365 2257 499 2304 duces
529 2255 826 2320 scripserunt,
852 2257 1012 2304 auxilia
1037 2256 1300 2319 pollicentes
1322 2256 1379 2303 ad

104 2336 393 2385 Valerianum
426 2339 480 2386 de
510 2338 771 2402 captivitate
799 2338 1090 2405 liberandum.
1126 2338 1209 2384 Sed
1239 2337 1381 2385 Vale-3

106 2416 237 2468 riano
255 2418 372 2484 apud
389 2418 537 2472 Persas
561 2419 902 2471 consenescente
915 2455 931 2482 ‚
949 2409 1180 2469 Odenatus
1199 2418 1380 2484 Palmy·-⁴
