1714 2807
272 191 361 224 222
478 168 1348 222 AELIILAMPRIDII

266 286 454 330 Graccus
498 282 690 343 scriptor
737 281 831 328 haec
880 282 1137 343 praeteriens
1159 316 1173 340 ,
1211 283 1549 332 Diadumenum

267 368 437 402 tantum
468 354 684 401 Caesarem
714 354 823 402 dicit
851 372 1036 417 puerum
1066 374 1089 403 a
1124 356 1337 403 militibus
1375 375 1549 406 nuncu—

268 439 417 490 patum
435 461 448 482 ‚
474 430 520 473 &
548 443 651 473 cum
675 439 798 489 patre
828 427 1042 474 occisum.
1067 429 1160 475 Hac
1191 431 1335 476 habita
1360 431 1550 477 concio·

267 518 351 557 ne,
371 499 511 546 statim
539 501 654 561 apud
677 500 965 546 Antiochiam
993 516 1175 548 moneta
1194 503 1418 550 Antonini
1440 504 1552 550 Dia·

267 573 447 619 dumeni
491 573 677 619 nomine
717 573 910 635 percussa
955 573 1042 619 est:
1073 575 1295 632 Macrini,
1325 576 1463 637 usque
1498 575 1553 621 ad

266 646 424 708 juffum
455 647 641 692 Senatus
675 646 806 692 dilata
836 647 909 692 est.
944 646 1083 691 Miss'ae
1102 646 1233 692 etiam
1266 648 1319 693 ad
1343 649 1553 694 Senatum

267 721 420 776 literae,
439 719 598 781 quibus
620 735 785 764 nomen
804 718 1025 764 Antonini
1041 719 1284 764 iudicatum
1310 720 1554 780 est.Quare

266 791 398 838 etiam
419 792 603 836 Senatus
630 788 864 850 imperium
889 788 932 833 id
961 788 1151 834 libenter
1170 789 1333 836 dicitur
1356 791 1552 853 recepis-

267 865 310 912 se
331 862 571 926 :quamvis
601 859 674 908 alii
698 860 921 907 Antonini
948 861 1168 906 Caracalli
1190 862 1298 908 odio
1321 861 1363 907 id
1390 861 1552 909 factum

267 950 439 1000 putent.
470 937 709 981 Pataverat
740 935 838 980 sane
864 934 1062 996 paenulas
1091 935 1263 996 populo
1286 937 1456 982 coloris
1474 952 1552 982 ro-

267 1009 326 1054 sei
350 1008 449 1054 dare
472 1007 699 1054 Macrinus
733 1008 982 1068 Imperator
1011 1007 1052 1051 in
1083 1007 1302 1053 honorem
1329 1008 1554 1055 Antonini

267 1080 346 1126 filii
375 1082 455 1135 sui,
477 1097 575 1143 quae
604 1096 876 1127 vocarentur
907 1084 1246 1135 Antoninianae,
1267 1097 1313 1127 ut
1342 1086 1556 1131 caracalla

266 1155 451 1201 Baffiani
492 1155 617 1201 dietae
646 1155 742 1200 sunt
763 1191 776 1210 ,
800 1154 986 1200 afferens
1010 1191 1022 1207 ,
1056 1155 1209 1200 melius
1250 1153 1388 1201 filium
1431 1157 1552 1201 suum

270 1231 506 1274 Paenuleum
523 1263 535 1284 ,
559 1228 630 1273 vel
655 1229 936 1273 Paenularium
971 1228 1231 1285 dicendum,
1258 1244 1387 1288 quam
1422 1230 1553 1273 Cara-

267 1306 399 1347 callus
429 1300 533 1346 effet
561 1299 700 1344 <licius
730 1299 967 1345 Baffianus.
1001 1299 1295 1361 Congiarium
1322 1299 1452 1344 etiam
1478 1313 1555 1358 per

266 1376 455 1422 edictum
478 1374 838 1420 Antoninianum
870 1374 1098 1434 promisit,
1125 1388 1174 1419 ut
1194 1375 1333 1435 ipsum
1362 1374 1552 1420 ecliElum

268 1447 435 1508 poterit
464 1446 676 1493 indicate.
713 1448 862 1492 Verba
897 1448 1061 1493 ediffi:
1100 1452 1252 1493 Vellem
1276 1483 1287 1503 ‚
1329 1450 1515 1510 Qm‘rites
1535 1481 1552 1502 ,

262 1521 353 1573 jam
369 1520 584 1580 praesentes
605 1518 772 1581 effimus
792 1537 808 1565 .·
832 1523 1082 1565 Antoninus
1106 1522 1224 1585 vester
1242 1523 1357 1566 vobis
1384 1520 1554 1581 congia·

268 1596 373 1638 rium
388 1593 462 1652 fici
492 1596 680 1638 nominis
714 1597 839 1638 daret.
869 1596 983 1638 daret
1004 1611 1190 1652 praetcrea
1219 1590 1260 1638 ἕν
1280 1611 1425 1652 pueros
1455 1597 1554 1637 An·

267 1667 540 1719 toninicmos,
562 1663 604 1711 G·
622 1670 785 1726 puellas
812 1669 1143 1711 Antoninianas
1168 1701 1177 1717 ‚
1213 1683 1298 1725 quae
1328 1681 1413 1709 tam
1443 1664 1556 1725 grati

270 1740 452 1782 nominis
480 1741 655 1798 glon'aem
687 1755 983 1801 prcpagarent.
1017 1741 1062 1785 ὅ(
1099 1738 1284 1799 reliqua.

335 1811 406 1855 ΙΙΙ.
435 1810 515 1854 His
546 1810 602 1854 ita
628 1810 757 1872 gestis
777 1846 789 1864 ,
813 1813 931 1873 signa
966 1813 1008 1856 in
1039 1812 1184 1857 castris
1212 1813 1260 1857 ὃ(
1285 1809 1451 1855 vexilla
1475 1806 1555 1855 fie-

270 1881 307 1927 ri
330 1882 634 1928 Antoniniana
655 1881 783 1944 jullit.
808 1885 1016 1948 Fecitque
1042 1884 1221 1931 Baffiani
1244 1883 1472 1928 timulacra
1497 1896 1554 1927 ex

271 1970 381 2000 auro
417 1968 547 2014 atque
585 1970 798 2019 argento,
831 1970 966 2019 atque
1006 1958 1098 2003 dies
1136 1958 1297 2017 septem
1333 1953 1551 2016 supplica-

270 2026 336 2073 tio
372 2043 454 2087 pro
492 2028 711 2073 Antonini
750 2029 934 2074 nomine
967 2029 1185 2076 celebrata
1223 2028 1296 2073 esl.
1327 2028 1437 2073 Puer
1471 2023 1555 2072 fuit

272 2100 477 2146 omnium
517 2101 874 2161 specioiislimus‚
903 2101 1061 2147 statura
1095 2101 1398 2163 longimc1ila,
1431 2097 1554 2147 crine

272 2171 398 2219 ssavo
418 2209 431 2231 ‚
454 2173 591 2236 nigris
615 2175 787 2231 oculis,
815 2175 922 2220 naso
948 2174 1138 2220 deducto
1158 2211 1170 2230 ‚
1195 2176 1245 2221 ad
1273 2190 1453 2220 omnem
1479 2172 1553 2219 de·

272 2261 426 2292 eorem
461 2260 615 2292 mento
647 2247 932 2308 composito,
962 2262 1043 2292 ore
1090 2248 1143 2292 ad
1183 2247 1332 2293 oscula
1365 2256 1550 2306 parato,

274 2318 401 2364 fortis
426 2319 709 2375 naturaliter,
735 2321 954 2367 exercitio
981 2320 1227 2367 delicatior.
1250 2321 1333 2366 Hic
1359 2318 1435 2364 ubi
1460 2316 1551 2380 pri-

273 2407 393 2436 mum
416 2392 674 2438 indumenta
692 2408 855 2439 coccea
876 2393 923 2439 ὅ(
946 2409 1166 2454 purpurea
1182 2429 1194 2448 ‚
1216 2407 1450 2454 ceteraque
1475 2404 1549 2436 ca·

275 2464 449 2512 strenfia
478 2465 653 2528 imperii
683 2466 865 2529 insignia
894 2467 1094 2529 accepit,
1129 2466 1250 2530 quasi
1282 2466 1468 2512 sidereus
1501 2463 1550 2511 &
