1637 2785
310 155 1107 204 GALLIENIDUO.
1283 151 1340 217 ες

71 263 217 317 dotus,
232 263 442 312 confliCtu
457 261 637 317 habito,
659 261 791 320 cepit,
810 259 1212 322 arquelmperatori
1235 258 1349 306 Gal-

71 337 193 383 lieno
222 338 379 382 vivum
404 335 651 381 transmifit.
686 336 903 397 A¹gypttis
932 335 1049 380 enim
1082 339 1177 380 data
1206 332 1350 380 AEmi-

70 410 193 456 liano
223 427 299 470 per
324 407 750 457 Transthebaitanos
771 408 931 452 milites
949 442 962 464 ,
993 424 1091 453 cum
1117 406 1350 452 Gallienus

69 481 115 528 in
149 482 319 528 luxuria
347 483 395 528 &
424 480 711 541 improbitate
744 479 1001 542 persisteret.
1039 483 1246 545 Cumque
1277 479 1349 524 lu-

67 555 221 600 dibriis
242 557 287 602 &
317 554 578 601 helluationi
611 566 814 609 vacaret,
845 569 988 611 neque
1018 552 1143 598 aliter
1169 569 1348 609 rempu-

67 627 226 674 blicam
255 639 445 688 regeret,
472 644 603 688 quam
639 643 738 674 cum
767 625 892 688 pueri
922 623 1095 688 fingunt
1125 641 1200 682 per
1229 625 1348 671 ludi-

66 700 161 746 bria
179 701 438 761 potestateS,
466 700 607 753 Galli,
638 700 796 762 quibus
817 700 991 746 inlitum
1011 698 1071 744 est
1094 697 1177 744 effe
1197 697 1349 753 leves,

65 789 117 819 ac
147 773 459 835 degenerantes
484 789 506 818 a
535 771 714 818 civitate
740 773 944 817 Romana
966 806 978 824 ,
1014 772 1061 816 &
1088 766 1349 814 luxuriosos

64 844 290 905 Principes
318 844 429 890 ferre
450 860 542 889 non
567 844 686 906 poffe
703 880 714 902 ,
735 844 1010 890 Postumium
1033 843 1085 888 ad
1107 840 1348 904 imperium

63 932 314 974 vocarunt;
337 918 693 983 exercitibusque
714 916 1095 965 consentientibus
1112 951 1128 974 ,
1159 917 1236 978 qui
1258 930 1346 961 oc-

63 1007 276 1053 cupatum
307 995 623 1055 Imperatorem
656 992 916 1039 libidinibus
955 991 1201 1038 sentiebant
1230 1005 1346 1046 que-

62 1063 380 1127 rebanturque.
423 1065 594 1111 Contra
624 1065 742 1112 hunc
785 1065 1055 1111 Theodotus
1096 1062 1347 1110 exercitum

62 1136 222 1183 duxit:
244 1153 437 1185 cumnue
459 1139 641 1196 urbem
663 1138 707 1185 in
735 1155 819 1200 qua
845 1135 1234 1194 eratPostumius,
1254 1135 1344 1181 ob-

61 1206 200 1253 fidere
215 1224 332 1269 coepi
323 1208 429 1264 flet,
446 1208 784 1255 decernentibus
803 1209 964 1267 Gallis,
975 1206 1222 1263 Gallienus,
1242 1223 1342 1252 mu-

61 1294 138 1324 ros
170 1279 457 1337 circumiens,
478 1280 562 1343 sagi
569 1293 601 1325 tt
606 1297 628 1326 a
657 1280 766 1326 icius
789 1281 866 1328 est.
889 1299 989 1327 nam
1012 1284 1060 1328 &
1086 1297 1164 1342 per
1197 1293 1345 1325 annos

60 1349 225 1413 septem
257 1345 504 1398 Postumius
533 1353 800 1415 imperavit,
822 1356 869 1402 &
903 1353 1071 1400 Gallias
1105 1354 1159 1399 ab
1187 1351 1341 1398 omni-

59 1424 141 1471 bus
170 1425 584 1474 circumfluentibus
621 1428 816 1475 barbaris
844 1428 1106 1475 validiffime
1139 1421 1364 1473 vindica-'

59 1498 142 1546 vit.
168 1499 246 1546 His
275 1501 453 1548 conclus
485 1502 609 1548 malis
644 1501 899 1557 Gallienus,
923 1517 1075 1563 pacem
1108 1517 1208 1547 cum
1241 1502 1340 1546 Au-

59 1573 189 1619 reolo
208 1573 336 1630 facit‚
357 1574 650 1638 oppugnandi
677 1574 889 1620 Postumii
913 1573 1080 1619 studio:
1104 1574 1341 1635 longoque

58 1643 182 1691 bello
212 1645 351 1692 trafio
371 1677 385 1700 ‚
421 1662 499 1708 per
531 1645 723 1692 diversas
755 1645 1012 1692 obsidiones
1054 1661 1104 1691 ac
1136 1644 1294 1706 proelia
1318 1675 1336 1699 ‚

58 1733 150 1763 rem
171 1719 310 1764 modo
331 1717 518 1766 feliciter
536 1754 551 1776 ‚
571 1719 710 1765 modo
735 1718 996 1775 infeliciter,
1016 1717 1152 1781 geffit.
1176 1718 1337 1764 Acces-

58 1787 171 1834 serat
199 1801 409 1850 praeterea
438 1788 503 1836 his
532 1789 655 1836 malis
673 1824 686 1845 ‚
706 1790 828 1852 quod
861 1789 1044 1852 Scythae
1071 1788 1336 1853 Bithyniam

56 1860 334 1922 invaserant,
359 1863 649 1926 civitatesque
684 1863 952 1911 deleverant.
989 1863 1180 1925 denique
1211 1863 1334 1910 Asta-

57 1950 188 1992 cum,
218 1952 318 1999 quae
354 1935 503 1998 postea
535 1935 799 1983 Nicomedia
837 1936 949 1983 dicta
984 1935 1068 1991 est,
1107 1934 1332 1983 incensam

57 2007 255 2069 graviter
291 2007 590 2056 vastaverunt.
630 2007 821 2071 denique
859 2006 976 2071 quafi
1016 2005 1334 2068 conjuratione

54 2080 194 2126 totius
229 2080 413 2140 mundi,
448 2081 668 2128 concuffis
707 2081 829 2128 orbis
858 2079 1079 2143 partibus,
1113 2079 1242 2125 etiam
1282 2079 1331 2125 in

54 2150 202 2197 Sicilia
234 2150 354 2214 quast
387 2153 610 2215 quoddam
649 2152 807 2198 servile
838 2151 1002 2198 bellum
1033 2150 1228 2209 exstitit,
1263 2150 1330 2196 la-

54 2223 262 2270 tronibus
288 2225 577 2287 evagantibus
596 2260 611 2282 ,
640 2225 718 2287 qui
746 2225 822 2271 vix
845 2223 1039 2287 oppreffi
1067 2222 1181 2271 sunt.

129 2296 186 2341 V.
227 2297 281 2341 Et
314 2295 408 2341 haec
445 2294 598 2341 omnia
637 2294 830 2342 Gallieni
873 2306 1107 2342 contemtu
1150 2291 1331 2340 fiebant.

51 2366 210 2430 Neque
238 2366 354 2413 enim
384 2367 629 2430 quidquam
659 2368 721 2414 est
748 2369 802 2415 ad
831 2368 1057 2416 audaciam
1087 2367 1211 2414 malis
1231 2403 1246 2425 ,
1271 2366 1329 2414 ad

53 2438 173 2502 spem
214 2440 444 2490 bonorum
484 2440 617 2490 bonis
651 2441 900 2507 promtius,
934 2458 1068 2504 quam
1107 2457 1210 2490 cum
1250 2439 1331 2491 ve}

936 2519 966 2563 F
1002 2531 1025 2579 3
