1714 2807
335 179 430 225 ⁴140
554 150 1427 210 AELllSPARTIANI

334 283 432 317 tato
453 268 620 315 vertice
639 265 854 328 respicere
873 261 1109 315 dicuntur,
1127 257 1323 306 Julianus
1348 252 1466 300 fecit.
1486 261 1619 298 tunc-

335 359 425 405 que
451 358 558 404 puer
576 339 730 387 vidiffe
751 337 916 384 dicitur
935 337 983 382 &
1001 333 1248 380 adventum
1268 327 1452 384 Severi,
1479 326 1524 372 &
1545 325 1621 372 Ju-

338 415 446 462 liani
483 413 794 460 deceflionem.

404 489 521 534 Vlll.
549 490 603 533 Et
631 484 869 545 Crispinus
896 479 1076 541 quidem
1093 514 1105 534 ‚
1127 492 1226 524 cum
1249 471 1487 521 occuriffet
1505 485 1622 533 proe-

340 559 595 607 cursoribus
625 557 809 610 Severi,
838 555 957 602 Iulio
988 555 1113 598 Laeto
1148 550 1327 596 auROre
1351 583 1363 603 ,
1394 563 1417 592 a
1450 547 1622 591 Severo

340 632 602 680 interemtus
631 630 700 676 est.
718 627 905 689 Dejecta
930 626 1028 671 sunt
1053 624 1184 669 etiam
1211 638 1260 667 ea
1285 619 1484 667 consulta
1504 634 1525 662 e
1546 618 1625 661 Se-

342 718 462 751 natu.
478 704 702 755 Julianus,
725 710 993 748 convocato
1013 698 1205 749 Senatu,
1225 690 1501 754 quaesitisque
1527 688 1626 733 sen-

342 777 517 832 tentiis,
540 775 647 837 quid
678 773 795 819 facio
821 786 936 833 opus
959 769 1061 814 effet
1082 803 1094 823 ‚
1123 766 1231 813 certi
1262 764 1369 810 nihil
1404 759 1627 822 comperit

344 867 368 895 a
396 851 586 895 Senatu:
611 848 680 892 sed
712 846 861 907 postea
888 843 1044 905 sponte
1071 841 1140 886 sua
1171 838 1437 904 gladiatores
1456 837 1627 893 Capuae

343 921 459 983 juffit
479 920 636 967 armari
658 936 735 981 per
757 916 1014 964 Lollianum
1034 913 1264 959 Titianum
1286 947 1298 966 ,
1320 912 1366 955 &
1387 906 1627 954 Claudium

345 992 667 1055 Pompeianum
696 1008 719 1037 e
745 988 1050 1037 Tarracinensi
1085 987 1138 1033 ad
1169 984 1478 1046 participatum
1510 995 1628 1027 evo—

347 1065 497 1122 cavit,
521 1065 647 1127 quod
681 1065 730 1110 &
770 1079 904 1126 gener
943 1056 1227 1119 Imperatoris
1260 1053 1435 1110 fuiffet,
1469 1055 1518 1099 &
1541 1050 1631 1096 'diu

347 1139 562 1186 militibus
594 1135 846 1198 praefuiffet.
880 1133 963 1179 Sed
996 1131 1084 1176 hoc
1116 1129 1190 1174 ille
1223 1125 1627 1186 reculavit‚senem

336 1213 386 1272 se
404 1208 445 1256 G*
458 1212 622 1256 debilem
639 1211 879 1260 luminibus,
898 1204 1188 1266 respondens.
1209 1198 1493 1245 Transierant
1510 1199 1556 1243 δι
1575 1211 1630 1241 ex

348 1284 534 1330 Umbria
565 1283 725 1329 milites
744 1283 797 1327 ad
827 1282 1066 1325 Severum:
1086 1278 1132 1323 &
1157 1271 1424 1336 praemiserat
1450 1271 1629 1333 quidem

349 1358 497 1403 literas
526 1359 747 1410 Severus,
771 1354 933 1417 quibus
956 1351 1136 1412 jubebat
1169 1345 1473 1393 interfectores
1494 1340 1633 1387 Perti-

352 1430 474 1477 nacis
504 1428 683 1475 servari.
710 1427 838 1472 Brevi
863 1437 1010 1470 autem
1035 1421 1230 1467 desertus
1259 1420 1319 1465 est
1344 1419 1399 1464 ab
1423 1415 1634 1463 omnibus

350 1503 578 1559 Julianus,
607 1502 656 1548 &
683 1499 886 1546 remanlit
914 1498 957 1542 in
990 1495 1160 1542 Palatio
1191 1509 1292 1540 cum
1325 1507 1418 1536 uno
1442 1489 1495 1534 de
1524 1503 1634 1548 prae·

352 1574 475 1621 seclis
503 1573 587 1620 suis
617 1570 797 1618 Geniali
821 1572 868 1616 &
896 1583 1060 1631 genero
1089 1564 1365 1626 Repentino.
1391 1561 1547 1607 Acium
1575 1555 1636 1604 est

352 1648 545 1711 denique
564 1682 579 1705 ,
609 1659 655 1692 ut
682 1644 862 1691 Juliano
891 1642 1076 1686 Senatus
1105 1637 1367 1684 auctoritate
1398 1635 1637 1696 abrogare-

353 1734 427 1768 tur
444 1719 678 1781 imperium
698 1735 709 1764 :
729 1718 778 1763 &
803 1715 1072 1776 abrogatum
1095 1710 1181 1765 est,
1206 1704 1533 1770 appellatusque
1555 1702 1636 1748 sta-

352 1795 433 1842 tim
462 1795 653 1839 Severus
682 1793 954 1850 Imperator,
980 1801 1079 1831 cum
1114 1781 1383 1845 fingeretur,
1408 1777 1531 1842 quod
1555 1791 1638 1822 ve-

355 1882 476 1913 neno
503 1865 544 1911 se
572 1861 835 1910 absumliffet
859 1859 1067 1906 Julianus.
1093 1855 1204 1901 miffi
1237 1866 1378 1899 tamen
1403 1868 1426 1896 a
1448 1852 1639 1906 Senatu,

356 1954 552 2002 quorum
573 1953 678 1983 cura
698 1952 774 1996 per
795 1933 978 1979 militem
997 1929 1244 1994 gregarium
1265 1928 1309 1972 in
1332 1923 1500 1971 Palatio
1521 1923 1639 1968 idem

357 2013 553 2061 Julianus
584 2010 755 2056 occisus
776 2007 835 2052 est
851 2041 863 2061 ‚
893 2004 1024 2050 fidem
1044 2001 1230 2049 Caelaris
1255 1999 1499 2059 implorans
1514 2032 1525 2051 ‚
1547 1995 1639 2041 hoc

357 2085 418 2131 est
443 2082 609 2130 Severi.
636 2081 786 2127 Filiam
818 2078 965 2131 suam,
987 2075 1156 2137 potitus
1182 2069 1401 2131 imperio,
1423 2068 1528 2113 dato
1563 2082 1642 2127 pa-

357 2157 580 2205 trimonio
619 2153 1011 2212 emancipaverat:
1052 2146 1179 2210 quod
1218 2145 1257 2190 ei
1295 2159 1396 2191 cum
1432 2139 1640 2202 Augustae

360 2231 546 2279 nomine
574 2228 712 2275 statim
743 2226 962 2271 sublatum
991 2222 1062 2267 est.
1093 2220 1271 2280 Corpus
1291 2216 1386 2276 ejus
1414 2232 1438 2260 a
1467 2210 1642 2259 Severo

359 2305 496 2353 uxori
532 2302 712 2349 Manliae
731 2298 953 2347 Scantillae
980 2312 1030 2342 ac
1056 2292 1156 2338 filiae
1193 2292 1247 2337 ad
1276 2289 1542 2351 sepulturam
1580 2283 1641 2330 est

360 2378 580 2425 redditum
606 2410 619 2433 ‚
653 2376 701 2421 &
732 2372 778 2418 in
817 2369 978 2433 proavi
1011 2376 1310 2412 monumento
1348 2359 1642 2414 translatum,

362 2449 576 2499 milliario
601 2447 763 2511 quinto
800 2444 873 2492 via
901 2441 1137 2490 Lavicana.
