1637 2785
254 155 761 203 ALEXANDER
808 157 1177 206 SEVERUS.
1280 175 1374 220 ιη

89 255 146 302 ab
167 256 260 317 ejus
287 258 420 304 latere
446 257 818 315 submoveretur,
846 272 894 305 ut
922 262 1134 309 omnibus
1165 261 1204 308 se
1237 262 1370 309 blan-

89 331 196 376 dum
224 331 534 393 affabilemque
561 332 799 392 praeberet‚
829 347 876 377 ut
905 335 1077 380 amicos
1104 352 1196 382 non
1223 337 1369 385 solum

89 405 224 466 primi
251 422 300 452 ac
325 405 505 452 secundi
534 405 651 461 loci,
677 405 750 450 sed
775 406 902 451 etiam
933 406 1197 467 inferiores,
1227 427 1372 473 aegro-

88 490 230 523 tantes
263 476 448 536 viseret,
468 491 516 524 ut
539 477 618 523 fibi
639 478 693 523 ab
718 478 926 524 omnibus
960 477 1124 535 libere,
1149 499 1246 544 quae
1268 483 1370 529 sen-

86 549 285 607 tiebant,
311 550 400 596 dici
430 564 639 611 cuperet,
670 553 721 598 &
752 567 855 597 cum
883 551 1046 597 distum
1076 553 1206 611 effer,
1241 557 1370 603 audi-

86 634 179 678 ret,
201 622 248 668 &
288 638 388 668 cum
422 622 603 668 audIiset
620 658 633 679 ,
654 622 712 668 ita
732 658 744 680 ,
775 636 822 667 ut
855 638 922 668 res
955 623 1192 685 poscebat,
1213 641 1368 674 emen·

84 693 209 740 daret
235 707 367 756 atque
393 694 719 759 corrigere13s1
752 694 897 740 minus
921 695 1034 741 bene
1065 695 1227 743 fastum
1262 700 1367 747 esset

85 765 281 830 aliquid,
309 768 440 814 etiam
481 768 571 829 ipse
605 769 926 826 convinceret,
959 768 1090 832 idque
1131 771 1220 818 fine
1257 771 1369 820 fastu

85 842 136 888 &
154 841 244 886 sine
267 843 562 890 amaritudine
582 844 742 898 animi3
763 842 1006 889 consessum
1027 845 1237 891 omnibus
1258 846 1368 894 sem-

85 927 165 973 per
187 910 395 969 offerret,
417 925 578 974 praeter
598 929 702 970 eos,
725 929 840 975 quos
859 912 1079 959 furtorum
1097 914 1273 961 denfior
1299 915 1369 962 fa-

83 999 154 1029 ma
183 984 528 1045 perstrinxerat,
557 985 611 1030 de
642 984 892 1030 absentibus
920 984 1088 1047 semper
1118 987 1366 1048 requirens.

83 1056 296 1121 Denique
332 1075 432 1106 cum
472 1060 512 1105 ei
551 1057 768 1119 objiceret
803 1058 984 1105 nimiam
1023 1059 1284 1106 civilitatem
1317 1064 1368 1110 &

81 1132 317 1177 Mammaea
347 1144 512 1189 mater,
542 1133 590 1178 &
623 1148 738 1178 uxor
772 1131 984 1178 Memmia
1003 1132 1216 1194 ,Sulpicii
1249 1150 1365 1181 con-

80 1205 234 1251 sularis
257 1205 342 1252 viri
374 1204 492 1262 filia,
520 1205 672 1251 Catuli
706 1204 878 1266 neptis,
912 1206 960 1252 &
991 1205 1102 1267 saepe
1139 1206 1365 1266 dicerent,

79 1281 316 1324 Molliorem
344 1282 422 1325 tibi
450 1280 685 1344 potestatem
717 1276 760 1324 δ’
796 1282 1167 1325 contemtibiliorem
1205 1282 1365 1342 imperii

70 1352 206 1418 fiecgsti
219 1370 235 1398 .·
257 1353 331 1398 ille
366 1352 595 1416 respondit
613 1388 626 1410 ,
646 1356 732 1398 Sed
744 1353 990 1413 securiorem
1011 1387 1025 1409 ‚
1048 1370 1166 1414 atque
1197 1358 1365 1401 diutia-

79 1430 247 1473 niorem.
278 1425 390 1472 Dies
425 1426 616 1488 denique
647 1441 876 1488 nunquam
910 1426 1111 1484 transiit,
1141 1427 1250 1489 quin
1278 1429 1364 1475 ali·

78 1499 190 1561 quid
217 1498 519 1555 mansuetum,
549 1497 708 1556 civile,
729 1498 855 1560 pium
882 1497 1079 1554 faceret3
1112 1499 1263 1547 sedita
1280 1536 1295 1558 ,
1316 1514 1362 1548 ut

77 1587 280 1618 aerarium
307 1587 399 1617 non
420 1585 656 1618 everteret.

142 1646 269 1691 XXt.
287 1645 766 1693 Condemnationes&
783 1661 900 1691 raras
924 1645 1008 1691 esse
1031 1644 1162 1705 juffir,
1182 1648 1362 1709 &‚quae

77 1718 199 1765 facia:
232 1717 434 1772 fuerant,
467 1734 562 1763 non
596 1717 790 1764 indulsit.
826 1717 1066 1780 Vefflgalia
1097 1719 1360 1767 civitatibus

77 1793 131 1838 ad
170 1791 374 1854 proprias
413 1789 601 1836 fabricas
645 1790 898 1852 deputavit.
929 1793 1097 1837 Foenus
1125 1793 1359 1853 publicum

75 1864 354 1910 trientarium
390 1862 619 1920 exercuit,
659 1863 720 1909 ita
752 1876 802 1910 ut
831 1864 1098 1925 pauperibus
1136 1865 1358 1928 plerisque

74 1936 167 1984 fine
187 1937 327 1984 usuris
348 1936 556 1998 pecunias
575 1935 746 1982 dederit
763 1937 817 1983 ad
835 1953 968 2000 agros
991 1938 1233 1996 emendos,
1257 1939 1359 1985 red-

74 2011 320 2058 dendas-de
345 2011 574 2058 fructibus.
609 2009 833 2057 Praefeffis
862 2011 1081 2072 praetorio
1116 2013 1200 2058 suis
1228 2012 1358 2059 sena-

74 2085 236 2130 toriam
271 2083 442 2130 addidit
471 2083 755 2146 dignitatem,
784 2096 834 2129 ut
864 2083 950 2129 viri
974 2084 1198 2130 clariffimi
1222 2086 1270 2132 &
1292 2083 1357 2130 es-

71 2156 195 2213 sent,
214 2159 262 2204 &
286 2156 562 2203 dicerentur:
586 2156 710 2219 quod
734 2169 862 2203 antea
885 2157 955 2202 vel
978 2173 1078 2203 raro
1098 2156 1264 2214 fuerat,
1280 2156 1357 2204 vel

72 2230 267 2276 omnino
299 2246 395 2276 non
430 2229 600 2288 fuerat,
632 2229 855 2292 eousque,
889 2244 938 2276 ut
970 2229 1001 2276 fi
1031 2231 1130 2292 quis
1156 2232 1355 2291 Impera-

71 2315 220 2349 torum
254 2302 542 2350 successorem
573 2303 786 2349 Praefe&0
815 2303 1016 2366 praetorii
1055 2304 1155 2349 dare
1187 2305 1354 2362 vellet,

70 2376 338 2423 laticlaviam
375 2376 520 2422 eidem
553 2393 631 2437 per
655 2378 860 2423 libertum
888 2377 1188 2434 submitteret,
1222 2390 1270 2423 ut
1304 2378 1353 2424 in

69 2448 315 2495 multorum
356 2447 450 2497 vita
482 2449 651 2497 Marius
679 2449 902 2498 Maximus
931 2448 1059 2497 dixit.
1094 2448 1350 2497 Alexander
