1714 2807
346 146 435 178 110
550 129 1420 176 AELllLAMPRlDII

341 239 484 283 vitam
515 235 729 299 Caligulae
757 233 1097 291 continentem,
1128 235 1322 297 legerat,
1350 233 1452 281 feris
1480 233 1621 295 objici

340 309 483 371 jussit,
507 309 609 371 quia
630 309 818 355 eundem
841 308 956 354 diem
978 308 1133 354 natalis
1157 309 1368 353 babuerat
1385 342 1398 361 ‚
1419 323 1549 370 quern
1573 309 1623 354 δε

340 380 560 443 Caligula.
576 380 619 426 Si
637 380 736 443 quis
755 377 913 425 sanese
934 378 1049 424 mori
1071 378 1186 424 velle
1206 379 1487 440 praedixisset,
1502 378 1623 424 hunc

341 452 538 499 invitum
559 451 821 514 praecipitari
846 449 1104 509 jubebat.1n
1126 449 1241 510 jocis
1263 466 1446 514 quoque
1476 449 1624 512 perni-

342 525 504 573 ciosus.
526 543 623 571 nam
645 542 746 572 eum
763 560 776 582 ‚
793 541 925 586 quem
946 524 1120 570 vidisset
1138 523 1404 571 albescentes
1422 523 1537 570 inter
1558 522 1626 568 ni-

344 615 449 662 gros
470 599 653 660 capillos
671 597 792 660 quafi
811 596 1086 645 vermiculos
1105 598 1262 643 babere
1275 633 1287 653 ‚
1308 597 1460 644 sturno
1481 611 1624 658 appo-

343 675 429 720 lito
447 708 461 731 ‚
479 673 553 734 qui
578 672 618 717 se
640 687 816 718 vermes
837 670 985 717 seclari
1007 672 1229 727 crederet,
1251 670 1394 730 capite
1416 669 1627 731 suppura-

345 756 440 790 tum
475 743 697 789 reddebat.
728 741 922 788 Obtunfi
961 743 1110 788 oneris
1148 742 1356 805 pinguem
1394 740 1627 786 hominem

343 815 497 864 medio
521 828 678 861 ventre
701 814 926 868 dissecuit,
948 827 994 858 ut
1017 814 1109 873 ejus
1131 814 1334 861 intestina
1355 814 1500 860 subito
1523 812 1627 858 fun·

345 890 572 935 deteritur.
590 891 869 949 Morzapedios
892 889 940 935 ὅ(
967 889 1214 948 Luscinia,
1234 903 1338 944 eos,
1360 887 1524 950 quibus
1554 899 1629 933 aut

348 960 545 1023 singulos
574 960 737 1007 tuliffet
765 960 957 1017 oculos,
982 974 1056 1006 aut
1085 960 1279 1023 singulos
1312 961 1445 1022 pedes
1476 959 1631 1022 fregis-

348 1031 438 1087 set,
470 1031 732 1093 appellabat.
770 1031 941 1079 Multos
970 1045 1180 1093 praeterea
1212 1033 1359 1094 paffim
1391 1030 1628 1078 exstinxit:

348 1105 477 1162 alios,
497 1105 596 1167 quia
621 1105 854 1151 barbarico
871 1105 1022 1151 habim
1046 1119 1330 1152 occurrerant
1345 1123 1358 1161 3
1376 1106 1632 1166 alios,quia

351 1178 528 1224 nobiles
555 1179 603 1224 &
632 1177 814 1239 speciofi
842 1192 982 1225 erant.
1011 1179 1177 1226 Habuit
1215 1179 1259 1225 in
1286 1179 1454 1226 deliciis
1483 1177 1633 1224 homi-

352 1270 433 1300 nes
476 1251 723 1315 appellatos
760 1251 1022 1298 nominibus
1065 1253 1367 1299 verendorum
1408 1250 1635 1313 utriusque

352 1325 513 1381 sexus;
546 1340 660 1388 quos
692 1323 902 1371 libentius
935 1325 1019 1371 suis
1057 1324 1202 1372 oculis
1241 1324 1502 1388 applicabat.
1542 1325 1634 1370 Ha-

355 1398 456 1446 buit
493 1399 543 1445 &
572 1397 802 1443 hominem
843 1413 954 1460 pene
988 1398 1274 1460 prominente
1306 1397 1420 1444 ultra
1451 1397 1637 1443 modum

356 1471 615 1519 animalium
629 1507 642 1529 ,
661 1486 792 1534 quem
811 1475 939 1518 Onon
957 1472 1233 1535 appellabat,
1246 1471 1325 1517 fibi
1345 1470 1637 1518 cariffimum:

356 1562 492 1608 quem
516 1545 566 1592 &
585 1543 763 1604 ditavit,
783 1545 831 1592 &
851 1544 1102 1592 sacerdotio
1123 1545 1330 1592 Herculis
1350 1544 1500 1593 rustici
1519 1561 1636 1608 prae-

358 1617 524 1681 posuit.

424 1691 504 1737 Xl.
525 1690 706 1737 Dicitur
725 1690 836 1753 saepe
858 1690 1175 1753 pretiofiffiniis
1199 1690 1308 1738 cibis
1327 1691 1517 1738 humana
1536 1689 1640 1736 ster·

359 1779 470 1809 cora
492 1762 738 1818 miscuiss'e‚
766 1781 846 1812 nec
873 1763 1119 1811 abstinuisse
1144 1764 1295 1827 gustu3
1322 1763 1418 1810 aliis
1435 1795 1450 1818 ‚
1479 1775 1526 1808 ut
1553 1780 1640 1824 pu-

361 1834 508 1889 tabat,
529 1834 674 1883 irrisi&
702 1839 832 1883 Duos
857 1837 1016 1900 gibbos
1035 1849 1234 1883 retortos
1259 1837 1303 1881 in
1326 1836 1451 1882 lance
1479 1851 1640 1897 argen-

361 1919 432 1952 tea
461 1906 539 1951 fibi
558 1906 693 1969 sinapi
726 1908 925 1968 perfusos
954 1908 1187 1966 exhibuit,
1211 1907 1478 1971 eosdemque
1499 1907 1640 1953 statim

362 1977 601 2039 promovit
627 1995 675 2026 ac
697 1979 870 2027 ditavit.
892 1979 1146 2026 Praefectum
1178 1979 1392 2042 praetorio
1425 1980 1546 2025 suum
1569 1980 1643 2026 Ju-

368 2051 569 2107 nanum,
603 2065 826 2116 togatum,
852 2053 1066 2116 praesente
1099 2054 1255 2101 officio
1294 2054 1396 2112 suo,
1431 2054 1475 2100 in
1514 2052 1642 2116 pisci-

363 2140 467 2170 nam
497 2124 690 2171 detrusit.
715 2141 845 2187 quem
877 2125 1025 2173 saltare
1057 2127 1185 2173 etiam
1219 2129 1383 2173 nudum
1409 2140 1509 2172 ante
1528 2142 1644 2173 con-

365 2200 551 2245 cubinas
580 2199 672 2245 suas
702 2198 841 2258 juffit,
862 2200 1133 2262 quatientem
1158 2201 1364 2263 cymbala
1383 2235 1396 2257 ,
1417 2199 1645 2246 deforma-

363 2285 418 2319 ιο
448 2271 593 2320 vultu.
611 2275 793 2319 Genera
827 2273 1100 2336 leguminum
1130 2273 1363 2320 coctorum
1394 2273 1448 2318 ad
1476 2271 1647 2319 convi-

366 2342 495 2388 vium
532 2358 716 2406 propter
736 2345 923 2390 luxuriae
945 2360 967 2390 c
983 2344 1356 2400 )ntinuationem,
1383 2358 1485 2388 raro
1508 2357 1647 2388 voca-

367 2414 448 2460 vit.
483 2417 680 2465 Lavabat
710 2434 788 2480 per
816 2418 929 2465 diem
965 2417 1119 2481 septies
1152 2430 1281 2482 atque
1316 2416 1482 2475 osties,
1502 2416 1565 2477 ⁶&
1597 2414 1646 2461 in
