1714 2807
319 170 407 218 134
505 152 918 200 TREBELLII
970 153 1400 200 POLLIONIS

312 276 404 307 ros.
433 275 532 322 quae
561 259 742 323 quidem
779 276 874 308 non
910 259 1074 307 diutius
1108 259 1224 306 vixit
1270 279 1367 305 τμη-ε,
1406 259 1594 309 Tetrico

315 335 588 395 imperante,
616 349 664 382 ut
696 335 896 397 plerique
928 336 1168 398 loquuntur
1193 371 1206 393 ,
1240 342 1404 381 «ετ-ῦὸ·
1442 351 1489 375 ’.ιτ
1525 336 1598 380 alii.

315 408 399 454 asse
384 422 534 465 ἓτιιηῑ,
551 408 937 457 fatalineceffitate
959 409 1204 457 consumti
1234 412 1339 457 Haec
1363 418 1456 454 luit
1463 428 1523 466 τ)
1549 426 1597 454 ι.’-·

319 484 373 529 de
405 483 585 546 triginta
610 484 789 547 tyranni
795 502 814 532 s
847 485 1029 532 dicenda
1053 485 1349 532 videbantur:
1373 502 1411 546 q
1407 502 1463 528 1(
1468 502 1486 529 s
1513 502 1546 530 e
1540 501 1600 547 {0

321 556 368 602 in
393 574 530 603 unum
551 560 766 605 volumen
788 558 957 605 idcirco
985 558 1184 613 contuli,
1206 575 1277 615 ne,
1299 558 1327 602 fi
1350 559 1403 602 de
1423 557 1602 619 singulis

322 627 491 690 singula
518 646 708 694 quaeque
741 647 990 686 narrarem,
1020 631 1301 676 nascerentur
1328 630 1506 691 indigna
1538 627 1605 674 fa-

323 699 448 746 stidia
468 736 483 757 ‚
505 703 553 747 &
573 718 650 757 ea,
671 718 770 763 quae
801 702 914 747 ferre
943 701 1082 747 lestor
1107 718 1200 746 non
1229 701 1380 763 posset.
1402 700 1605 747 Studiose

325 771 373 818 in
409 774 560 819 medio
596 773 782 821 feminas
816 773 943 835 posui
965 810 976 826 ,
1016 774 1070 821 ad
1103 775 1340 820 ludibrium
1373 773 1606 830 Gallieni,

327 861 422 905 quo
452 846 559 891 nihil
581 847 875 910 prodigiosius
900 847 1011 908 paffa
1040 847 1099 894 est
1119 847 1366 908 respublica
1387 849 1608 894 Romana.

329 915 467 963 Duos
504 916 636 963 etiam
671 935 795 966 nunc
837 932 1094 983 tyrannos,
1131 919 1254 983 quast
1285 932 1409 965 extra
1449 934 1610 964 nume-

330 1004 428 1033 rum
453 1024 468 1045 ,
515 988 675 1052 (quod
706 991 839 1037 alieni
880 992 1016 1038 ess'ent
1059 989 1308 1054 temporis)
1351 990 1610 1038 additurus:

330 1076 470 1107 unum
484 1096 498 1117 ‚
518 1064 594 1125 qui
615 1062 700 1110 fuit
715 1064 953 1110 Maximini
974 1065 1283 1127 temporibu53
1305 1064 1517 1120 alterum,
1534 1063 1612 1125 qui

333 1133 544 1182 Claudii:
584 1147 635 1181 ut
669 1148 971 1199 tyrannorum
1003 1139 1182 1202 triginta
1215 1138 1304 1184 viri
1343 1139 1435 1184 hoc
1471 1137 1614 1185 volu-

334 1204 455 1251 mine
478 1219 750 1256 tenerentur.
775 1209 946 1268 Quaeso
961 1246 974 1267 ,
993 1211 1070 1273 qui
1097 1210 1325 1272 expletum
1347 1209 1433 1269 jam
1451 1207 1615 1254 librum

333 1293 592 1339 acceperas,
614 1279 725 1326 boni
754 1280 988 1336 consulas,
1010 1295 1141 1343 atque
1172 1282 1254 1326 hos
1279 1279 1506 1326 volumini
1533 1292 1616 1325 tuo

334 1353 495 1400 volens
516 1354 669 1401 addas:
693 1372 809 1417 quos
827 1372 912 1418 ego
931 1391 944 1413 ,
967 1356 1344 1419 quemadmodum
1378 1356 1614 1401 Valentem

333 1424 609 1485 superiorem
638 1427 743 1475 huic
773 1429 1030 1487 volumini,
1063 1430 1120 1477 fic
1157 1429 1256 1491 post
1288 1428 1530 1475 Claudium
1567 1429 1617 1474 δε

335 1499 653 1559 Aurelianum,
679 1501 748 1548 his
767 1537 781 1559 ,
809 1503 887 1566 qui
914 1502 1028 1548 inter
1061 1503 1270 1550 Tacitum
1292 1503 1341 1550 &
1362 1500 1617 1548 Diocletia-

337 1587 446 1617 num
484 1571 695 1630 fuerunt‚
727 1575 888 1621 addere
930 1575 1265 1623 destinaveram.
1297 1576 1383 1622 Sed
1419 1591 1616 1621 errorem

336 1658 487 1689 meum
526 1644 670 1705 major
711 1646 909 1693 historiae
955 1646 1184 1710 diligentia
1226 1659 1314 1693 tuas.
1354 1645 1622 1693 eruditionis

339 1715 517 1762 avertit.
549 1716 707 1764 Habeo
727 1717 861 1781 igitur
887 1719 1066 1782 gratiam
1082 1755 1097 1777 ,
1120 1719 1248 1784 quod
1270 1719 1447 1766 titulum
1470 1734 1620 1766 meum

340 1787 587 1847 prudentiae
617 1800 704 1836 tuae
724 1789 971 1854 benignitas
1002 1791 1225 1853 implevit.
1262 1792 1411 1837 Nemo
1435 1790 1481 1836 in
1511 1802 1623 1836 tem-

341 1859 421 1919 plo
439 1860 563 1906 Pacis
586 1862 785 1910 dieturus
813 1862 873 1909 est
888 1899 902 1920 ,
921 1880 990 1910 me
1021 1863 1207 1911 feminas
1228 1864 1345 1910 inter
1367 1877 1590 1927 tyrannos
1607 1898 1622 1921 ,

343 1949 444 1979 cum
469 1933 556 1980 risu
576 1936 627 1981 &
650 1934 759 1995 joco
783 1949 1000 2000 tyrannas
1030 1937 1238 1985 videlicet
1265 1939 1314 1985 ὅ(
1334 1937 1624 2000 tyrannides,

344 2017 392 2050 ut
411 2004 490 2067 ipsi
519 2006 572 2052 de
593 2024 661 2054 me
682 2009 823 2055 solent
852 2009 1038 2068 jailme,
1061 2009 1262 2072 posuisse.
1297 2010 1473 2055 Habent
1503 2008 1623 2054 inte-

344 2093 472 2139 grum
501 2095 737 2125 numerum
765 2097 821 2127 ex
843 2081 1015 2129 arcanis
1040 2080 1237 2127 historiae
1262 2080 1307 2127 in
1338 2096 1455 2127 meas
1477 2080 1624 2126 literas

345 2150 513 2198 ¹datum.
540 2151 670 2198 Titus
690 2152 809 2199 enim
842 2156 890 2202 ὅ(
921 2153 1193 2201 Censorinus
1210 2189 1224 2210 ,
1250 2167 1445 2215 quorum
1470 2168 1585 2198 unus
1609 2186 1623 2208 ‚

348 2234 397 2268 ut
434 2222 526 2269 dixi
546 2258 560 2279 ,
600 2224 676 2271 sub
707 2225 960 2271 Maximino
982 2261 996 2283 ‚
1024 2226 1134 2273 alter
1166 2226 1246 2272 sub
1281 2224 1474 2272 Claudio
1504 2222 1626 2279 fuit,

346 2297 479 2343 ambo
511 2299 565 2344 ab
592 2297 744 2344 iisdem
784 2298 1032 2355 militibus,
1067 2315 1091 2345 a
1122 2297 1282 2362 quibus
1310 2312 1507 2361 purpura
1544 2310 1624 2346 ve-

350 2372 421 2419 {ati
454 2371 657 2431 fuerant,
691 2372 915 2421 interemti
948 2372 1061 2420 sunt,
