1714 2807
331 147 422 190 244
544 131 1415 182 AELIILAMPRIDII

325 236 464 282 ratius
484 234 688 282 reddidit.
706 234 918 298 Denique
939 236 1033 283 haec
1059 253 1218 299 genera
1238 238 1509 299 poculorum
1528 251 1610 286 and
1653 227 1663 234 μ’

325 324 368 355 te
396 308 734 371 Heliogabalum
764 324 858 354 non
887 309 1109 370 leguntur.
1136 327 1216 357 nec
1239 323 1332 357 erat
1359 312 1399 357 ei
1421 313 1508 359 ulla
1537 314 1609 359 vi-

323 396 390 439 ta,
418 382 497 427 nisi
516 384 749 443 exquirere
775 382 1046 444 voluptates.
1069 384 1241 432 Prin-‚us
1267 384 1373 432 fecit
1393 386 1448 432 de
1474 387 1607 448 pisci—

322 456 404 501 bus
431 454 570 509 ifitia,
599 453 768 515 primus
799 455 852 500 de
876 455 1056 513 ostreis,
1085 459 1132 503 δι
1162 456 1400 517 leiostreis,
1431 462 1478 506 ὅ(
1513 460 1608 506 aliis

321 529 577 590 hujusmodi
599 528 779 575 marinis
804 529 1016 586 conchis,
1037 531 1085 576 &
1106 531 1312 586 locustis,
1337 535 1385 580 &
1411 549 1607 580 camma-

322 603 402 660 ris,
431 604 480 660 &
506 602 651 649 scillis.
679 602 847 647 Stravit
880 604 929 650 &
957 602 1144 649 triclinia
1171 604 1224 649 de
1245 604 1372 662 rosa,
1390 607 1440 653 &
1470 606 1608 653 lectos

321 677 370 723 &
394 675 594 738 porticus
611 712 624 731 ,
648 692 697 722 ac
721 676 776 720 fic
798 692 875 737 per
901 691 949 722 ea
974 676 1275 723 deambulavit
1291 713 1304 733 ‚
1320 676 1454 739 idque
1481 677 1609 725 omni

320 750 485 796 florum
513 764 700 811 genere,
725 747 858 805 liliis,
890 748 1054 805 violis,
1081 747 1338 811 hyacinthis
1366 750 1415 798 δι
1444 751 1609 798 narcis-

319 825 385 868 sis.
414 821 498 867 Hic
532 836 624 867 non
652 820 730 866 nis1
758 833 993 884 unguento
1026 821 1167 868 nobili
1191 835 1267 869 aut
1303 839 1446 870 croco
1475 824 1608 885 pisci·

321 898 389 942 nis
422 895 592 942 infeffis
626 893 814 940 natavit.
851 896 949 942 Nec
980 895 1135 942 cubuit
1166 895 1214 944 in
1242 897 1459 944 accubitis
1493 897 1608 945 faci-

319 971 381 1024 le,
418 970 497 1014 nisi
537 968 611 1026 iis,
653 985 753 1031 quae
786 966 929 1031 pilum
970 968 1227 1031 leporinum
1260 969 1496 1029 haberent,
1529 984 1607 1019 aut

321 1042 492 1104 plumas
514 1040 743 1101 perdicum
766 1039 984 1087 subalares
1000 1075 1014 1098 ,
1034 1040 1146 1102 saepe
1165 1039 1349 1089 culcitas
1363 1056 1555 1091 mutans.

382 1116 490 1163 XX.
505 1116 712 1161 Senatum
730 1129 1053 1176 nonnunquam
1071 1113 1130 1160 ita
1147 1115 1401 1172 contemsit,
1417 1127 1466 1161 ut
1483 1133 1607 1162 man-

320 1189 436 1251 cipia
471 1200 620 1250 togata
653 1187 923 1249 appellaret:
955 1187 1175 1249 populum
1206 1203 1321 1235 vero
1347 1189 1606 1237 Romanum

319 1263 451 1310 unius
474 1260 600 1308 fundi
623 1260 870 1308 cultorem:
892 1259 1137 1322 equestrem
1163 1260 1369 1308 ordinem
1398 1260 1443 1307 in
1476 1262 1605 1308 nullo

318 1338 427 1385 loco
447 1335 626 1382 habens.
654 1331 913 1380 Praefe3um
939 1332 1144 1379 urbicum
1165 1333 1278 1396 saepe
1303 1333 1403 1396 post
1427 1351 1604 1381 coenam

317 1410 374 1457 ad
402 1406 651 1472 potandum
674 1405 898 1463 vocabat,
923 1403 1131 1452 adhibitis
1155 1406 1204 1453 δι
1232 1405 1455 1452 Praefectis
1487 1423 1606 1469 prae-

318 1480 442 1529 torio
457 1516 472 1538 ,
497 1479 556 1527 ita
577 1490 651 1536 ut,
670 1477 699 1523 fi
718 1475 996 1534 recusarent,
1017 1476 1211 1539 magistri
1231 1478 1393 1524 horum
1421 1493 1500 1524 eos
1521 1495 1604 1525 co-

318 1564 488 1618 gerent.
521 1550 683 1598 Voluit
713 1552 762 1598 &
795 1567 873 1613 per
901 1550 1086 1613 singulas
1118 1551 1250 1597 urbes
1274 1552 1459 1598 lenones
1487 1553 1604 1598 Prae-

317 1627 461 1673 fe&os
488 1623 587 1671 urbi
616 1622 787 1682 facere,
806 1625 854 1670 ὅ(
880 1637 928 1669 ut
956 1623 1092 1670 effent
1112 1623 1158 1669 in
1187 1624 1297 1670 urbe
1328 1624 1603 1687 quatuorde-

319 1700 423 1748 cim·
441 1699 490 1746 &
510 1696 706 1755 fecifl‘et,
726 1697 757 1744 fi
785 1696 989 1752 vixiffet3
1010 1710 1302 1759 promoturus
1320 1713 1479 1743 omnes
1507 1709 1603 1744 tur-

317 1771 520 1836 piffimos
536 1772 584 1818 ὅι
605 1770 774 1818 ultimoe
798 1769 1086 1833 profeffionis
1113 1769 1332 1817 homines.
1352 1769 1439 1816 Hic
1457 1769 1602 1817 solido

315 1856 506 1910 argento
529 1842 666 1890 factos
688 1843 841 1890 habuit
872 1844 1008 1890 lectos
1025 1879 1038 1901 ‚
1068 1845 1115 1890 &
1138 1843 1427 1901 tricliniares,
1447 1845 1496 1890 &
1525 1860 1604 1890 cu·

316 1916 547 1964 biculares.
571 1914 784 1962 Comedit
810 1913 965 1977 saepius
982 1946 995 1969 ‚
1021 1915 1074 1961 ad
1100 1914 1396 1962 imitationem
1431 1913 1603 1977 Apicii,

316 1989 526 2038 calcanea
562 1987 864 2046 camelorum,
903 1989 951 2035 &
991 1985 1141 2034 cristas
1186 1985 1306 2033 vivis
1346 1987 1603 2050 gallinaceis

315 2063 510 2117 demtas,
531 2059 701 2124 linguas
730 2076 963 2123 pavonum
987 2063 1035 2108 &
1059 2058 1368 2107 lusciniarum:
1389 2059 1493 2123 quia
1519 2061 1602 2106 do-

316 2147 360 2182 te
388 2134 464 2180 tali
499 2133 747 2197 pestilentia
783 2145 901 2181 tutus
935 2134 1168 2181 diceretur.
1193 2133 1409 2180 Exhibuit
1442 2135 1490 2181 &
1517 2135 1601 2180 Pa-

315 2207 463 2254 latinis
495 2207 695 2270 ingentes
722 2206 852 2269 dapes
885 2207 998 2255 extis
1032 2207 1273 2253 mullorum
1311 2205 1520 2261 refertas,
1551 2207 1600 2252 δε

319 2279 548 2328 cerebellis
577 2280 1003 2343 phoenicopterum,
1035 2283 1081 2328 &
1120 2280 1349 2342 perdicum
1384 2279 1514 2337 ovis,
1551 2281 1600 2326 &

317 2352 548 2399 cerebellis
582 2353 846 2410 turdorum,
877 2355 924 2399 ὅ(
961 2353 1180 2414 capitibus
1214 2352 1600 2414 pfittacortim,&

315 2424 601 2483 fati-infirm,
619 2426 667 2473 ὃς
680 2441 929 2489 pavonum.
947 2427 1105 2472 Barbas
1125 2426 1224 2473 sane
1245 2425 1488 2473 mullorum
1503 2437 1598 2471 tan·
