1714 2807
351 151 414 207 64
605 147 820 193 JUL11
869 147 1375 197 CAP1TOL1N1

347 270 444 300 cam
476 253 650 310 tenuit3
687 254 831 301 multo
855 254 1016 300 melior
1046 256 1095 303 &
1122 255 1314 305 feracior
1335 257 1390 304 ad
1420 256 1634 318 virtutes,

343 325 516 388 quippe
539 326 615 389 qui
641 326 772 372 nullis
796 327 902 373 Veri
928 326 1013 388 jam
1042 327 1333 390 impediretur
1354 345 1428 378 aut
1453 331 1633 380 fimula·

346 399 402 446 tis
428 399 599 447 callidae
637 399 883 447 severitatis
917 399 1047 464 (quo
1072 402 1146 449 ille
1181 403 1386 467 ingenito
1419 405 1536 454 vitio
1567 406 1633 453 la·

346 474 569 538 borabat)
595 474 846 532 erroribus,
871 489 947 521 aut
980 475 1044 522 his
1064 511 1077 534 ,
1098 477 1258 539 quibus
1286 482 1514 542 praecipue
1544 481 1633 528 dis-

345 549 539 612 plicebat
566 550 725 595 Marco
758 549 998 595 Antonino
1019 549 1105 611 jam
1136 552 1238 599 inde
1258 570 1278 599 a
1309 554 1457 615 primo
1491 555 1634 602 aetatis

344 622 432 669 suae
458 634 689 683 tempore,
711 621 786 667 vel
817 621 1025 668 institutis
1051 625 1210 670 mentis
1240 642 1386 685 pravae
1403 662 1416 684 ,
1440 628 1511 674 vel
1534 644 1637 674 mo-

344 695 480 742 ribus.
512 696 615 740 Erat
646 694 763 741 enim
785 694 875 757 ipse
901 709 1035 741 tantae
1065 699 1425 759 tranquillitatis,
1448 713 1497 746 ut
1531 700 1637 746 vul-

343 780 439 815 tum
468 785 698 832 nunquam
720 767 962 814 mutaverit
991 786 1192 816 moerore
1222 773 1294 816 vel
1322 773 1514 835 gaudio:
1535 773 1632 833 phi-

344 839 564 902 losophiae
596 839 770 886 deditus
813 840 976 887 Stoicae
1002 876 1014 897 ‚
1050 856 1183 904 quam
1224 843 1273 889 ὅ(
1313 860 1391 906 per
1432 844 1633 906 optimos

343 913 545 975 quosque
575 912 807 974 magistros
834 926 1094 976 acceperat,
1121 915 1170 961 &
1202 916 1399 978 undique
1419 916 1633 977 ipsecol-

343 985 523 1048 legerat.
549 986 600 1030 Et
627 985 906 1042 Hadrianus,
934 998 983 1032 ut
1009 985 1170 1033 dicium
1195 988 1276 1041 est,
1303 989 1421 1034 hunc
1441 991 1632 1036 eundem

344 1057 637 1105 successorem
673 1070 909 1120 paraverat
929 1091 943 1113 ‚
968 1055 1046 1102 nili
1078 1056 1117 1103 ei
1147 1069 1250 1103 aetas
1279 1059 1460 1118 puerilis
1491 1059 1632 1105 obsti·

343 1132 471 1179 tiss'et.
501 1133 628 1197 quod
655 1132 835 1196 quidem
866 1143 1049 1194 apparet
1071 1148 1126 1178 ex
1155 1147 1242 1188 eo,
1271 1133 1394 1195 quod
1421 1130 1633 1195 generum

343 1206 426 1252 Pio
466 1206 590 1253 hunc
624 1206 815 1253 eundern
857 1204 1056 1267 delegit,
1099 1217 1146 1250 ut
1188 1206 1241 1251 ad
1283 1221 1418 1262 eum,
1448 1206 1634 1269 dignum

343 1290 503 1340 utpote
539 1277 725 1336 virum,
764 1277 1039 1341 quandoque
1076 1278 1335 1324 Romanum
1375 1278 1635 1340 perveniret

346 1351 602 1412 imperium.

409 1425 557 1470 XVll.
587 1425 709 1487 Ergo
739 1422 1002 1486 provincias
1027 1422 1126 1485 post
1148 1423 1244 1470 haec
1272 1423 1446 1488 ingenti
1479 1423 1635 1472 mode-

344 1497 521 1544 ratione
544 1514 596 1544 ac
627 1496 899 1560 benignitate
921 1496 1141 1543 tractavit.
1168 1497 1344 1542 Contra
1377 1500 1635 1545 Germanos

344 1587 414 1617 res
441 1568 631 1617 feliciter
671 1568 806 1632 geffit.
844 1569 1088 1631 specialiter
1123 1569 1213 1630 ipse
1243 1569 1408 1615 bellum
1448 1571 1634 1616 Marco—

343 1641 601 1689 mannicum
622 1674 635 1696 ,
667 1642 739 1688 sed
777 1657 989 1705 quantum
1023 1642 1143 1688 nulla
1180 1659 1378 1705 unquam
1408 1642 1629 1690 memoria

343 1714 453 1773 fuit,
473 1728 566 1762 tum
595 1716 789 1772 virtute,
811 1729 902 1764 tum
929 1717 1061 1762 etiam
1084 1716 1290 1763 felicitate
1318 1715 1556 1780 transegit3
1582 1717 1633 1763 &

343 1804 402 1835 eo
435 1788 615 1852 quidem
645 1802 849 1852 tempore
871 1825 885 1847 ‚
919 1806 1014 1854 quo
1042 1789 1285 1852 pestilentia
1313 1789 1462 1852 gravis
1493 1789 1633 1836 multa

343 1860 482 1908 millia
508 1862 558 1907 &
588 1861 873 1923 popularium
896 1863 944 1910 &
971 1861 1163 1909 militum
1201 1863 1497 1909 interemerat.
1522 1861 1633 1910 Pan·

345 1934 505 1981 nonias
527 1950 654 1998 ergo,
668 1935 717 1981 δε
738 1935 1071 1981 Marcomannis
1086 1970 1101 1993 ‚
1121 1935 1353 1992 Sarmatis,
1372 1935 1630 1993 wandalis,

343 2007 472 2054 simul
489 2006 620 2054 etiam
642 2007 815 2067 Quadis
838 2007 1087 2065 εκίίἰηξὶίε,
1109 2008 1293 2054 servitio
1317 2007 1554 2063 liberavit;
1580 2007 1631 2056 &

344 2079 506 2126 Romae
533 2096 634 2128 cum
667 2080 958 2137 Commodo,
983 2097 1114 2144 quern
1142 2079 1228 2141 jam
1260 2080 1482 2128 Caesarem
1515 2078 1633 2129 fece-

345 2166 434 2213 rat,
449 2151 568 2212 filio,
588 2167 638 2200 ut
659 2154 873 2212 diximus,
897 2153 976 2200 suo
992 2189 1004 2210 ,
1019 2153 1324 2216 triumphavit.
1345 2155 1461 2201 Cum
1483 2168 1631 2202 autem

344 2229 400 2275 ad
418 2229 507 2276 hoc
524 2227 690 2275 bellum
719 2243 856 2274 omne
872 2226 1075 2273 aerarium
1102 2224 1360 2274 exhausisset
1379 2226 1503 2274 suum
1519 2262 1532 2285 ‚
1552 2243 1630 2274 ne-

343 2318 431 2365 que
462 2300 507 2348 in
533 2301 730 2347 animum
762 2300 1020 2358 induceret,
1051 2313 1098 2346 ut
1125 2312 1249 2346 extra
1279 2299 1485 2346 ordinem
1516 2314 1629 2361 pro·

345 2375 616 2422 vincialibus
644 2372 813 2438 aliquid
843 2373 1115 2436 imperarem
1147 2373 1194 2419 in
1226 2370 1333 2420 foro
1365 2371 1480 2420 Divi
1511 2374 1628 2420 Tra=

346 2444 437 2509 jani
466 2446 719 2498 auctionem
752 2458 1124 2498 ornamentorum
1161 2442 1456 2510 imperialium
1490 2443 1629 2504 fecit,
