1714 2807
302 134 394 182 182
569 133 778 180 JULII
828 133 1320 183 CAPITOLINI

303 239 435 285 dem:
465 237 541 284 ubi
570 254 686 284 vero
716 238 759 284 in
793 238 1006 286 secretum
1033 239 1276 298 venissent,
1298 239 1418 302 quasi
1448 247 1579 289 man=

304 313 404 357 data
432 309 614 369 diffini,
634 310 832 373 quinque
861 312 1112 359 validiffimi
1145 329 1245 359 eum
1275 312 1581 361 interimerent

304 381 511 445 gladiolis
545 381 659 429 intra
694 384 855 430 vestem
884 385 1134 431 latentibus.
1156 387 1251 432 Nec
1280 385 1459 433 illorum
1482 386 1582 449 qui-

306 456 406 500 dem
438 453 546 501 fides
575 455 729 503 defuit.
761 458 874 503 Nam
896 474 996 504 cum
1025 459 1078 504 ad
1102 458 1313 505 Albinum
1336 459 1582 517 venissent,

306 530 357 576 δε
376 528 604 591 epistolam
623 530 833 576 dedissent
847 547 957 593 ,qua
977 531 1084 577 leEla
1098 566 1111 587 ‚
1125 547 1223 578 cum
1245 532 1441 578 dicerent
1461 549 1584 595 quae-

308 602 408 647 dam
441 601 647 650 secretius
684 604 951 666 suggerenda
973 640 986 660 ‚
1021 608 1067 652 ὅ(
1098 605 1247 652 locum
1281 605 1495 651 semotum
1527 605 1584 651 ab

308 675 520 722 omnibus
543 676 714 722 arbitris
751 677 1052 736 postularent,
1073 678 1121 723 &
1153 693 1253 723 cum
1283 679 1474 725 omnino
1508 694 1584 724 ne-

310 746 475 792 minem
520 762 775 808 paterentur
811 747 864 792 ad
901 747 1124 808 porticum
1157 747 1452 810 longiffimam
1482 765 1585 795 cum

310 818 479 864 Albino
508 821 748 882 progredi,
770 835 819 865 ea
842 819 1005 880 specie,
1032 836 1086 865 ne
1107 821 1308 866 mandata
1339 821 1588 883 proderen-

310 904 411 948 tur,
439 892 627 937 Albinus
651 893 873 938 intellexit
895 892 1082 939 infidias.
1114 893 1326 956 Denique
1355 894 1588 957 indulgens

312 964 638 1026 suspicionibus
657 1002 670 1023 ‚
704 982 782 1013 eos
804 966 1043 1012 tormentis
1067 967 1200 1012 dedit.
1226 967 1305 1029 qui
1334 966 1408 1012 diu
1439 967 1588 1029 primo

314 1053 642 1101 pernegarunt,
665 1040 735 1085 sed
771 1039 919 1100 postea
947 1038 1054 1084 vieti
1087 1039 1336 1086 neceffitate
1355 1075 1369 1096 ,
1403 1039 1591 1088 confeffi

314 1111 413 1158 sunt
434 1128 509 1168 ea,
534 1129 632 1175 quae
656 1113 846 1159 Severus
863 1111 1016 1157 iisdem
1039 1126 1321 1174 praeceperat.
1349 1113 1482 1160 Tunc
1502 1110 1590 1173 jain

316 1185 508 1246 proditis
528 1186 675 1243 rebus,
690 1187 738 1231 &
759 1184 920 1246 apertis
937 1184 1100 1230 insidiis
1114 1220 1129 1243 ,
1143 1201 1211 1242 ea,
1231 1201 1330 1247 quae
1349 1185 1594 1248 suspicaba-

317 1271 420 1316 tur,
444 1259 628 1305 Albinus
666 1260 781 1305 clara
805 1259 888 1305 effe
908 1258 1393 1321 intelligen5,exercitu
1425 1257 1593 1322 ingenti

317 1332 538 1388 colleElo,
557 1345 715 1378 contra
733 1333 945 1378 Severum
968 1345 1100 1393 atque
1121 1330 1214 1391 ejus
1232 1333 1365 1378 duces
1389 1334 1528 1378 venit.

384 1404 465 1450 IX.
507 1406 562 1450 Et
600 1403 747 1465 primo
785 1404 963 1466 quidem
996 1403 1208 1450 conssiftu
1240 1403 1396 1450 habito
1435 1414 1595 1450 contra

320 1480 455 1528 duces
477 1480 655 1538 Severi,
679 1480 833 1543 potior
853 1480 935 1527 fuit
954 1497 966 1528 :
987 1480 1084 1542 post
1102 1493 1247 1526 autem
1270 1480 1460 1525 Severus
1479 1479 1593 1542 ipse,

321 1568 423 1598 cum
446 1552 490 1597 id
519 1551 665 1616 egisset
692 1553 810 1614 apud
828 1552 1033 1597 Senatum
1053 1587 1067 1609 ,
1098 1565 1145 1597 ut
1173 1551 1309 1597 hostis
1325 1550 1595 1612 judicaretur

321 1627 528 1681 Albinus,
547 1639 704 1672 contra
717 1642 815 1670 eum
842 1624 1064 1685 professus
1080 1660 1095 1683 ,
1111 1625 1323 1671 acerrime
1344 1624 1595 1672 fortiffime-

321 1715 410 1760 que
441 1698 661 1761 pugnavit
686 1697 729 1743 in
762 1698 907 1744 Gallia
930 1735 943 1754 ,
971 1714 1064 1744 non
1096 1698 1184 1744 sine
1209 1698 1420 1746 varietate
1447 1698 1597 1749 fortu-

323 1789 408 1818 nae.
444 1772 657 1833 Denique
691 1787 792 1817 cum
840 1769 1054 1816 sollicitus
1092 1787 1274 1833 augures
1309 1770 1597 1829 consuleret,

323 1844 581 1906 responsum
611 1843 676 1889 illi
704 1844 786 1901 est,
809 1856 856 1889 ut
879 1843 987 1890 dicit
1016 1844 1183 1891 Marius
1212 1845 1460 1903 Maximus,
1482 1861 1598 1891 ven-

323 1931 476 1965 turum
515 1916 693 1979 quidem
731 1916 775 1963 in
812 1917 1072 1978 potestatem
1111 1916 1203 1977 ejus
1238 1918 1487 1974 Albinum,
1525 1917 1600 1964 sed

325 2008 423 2036 non
466 1990 620 2035 vivum
665 2005 747 2035 nec
790 2001 1052 2035 mortuum:
1082 1989 1205 2051 quod
1239 1991 1286 2036 &
1327 1988 1490 2035 factum
1522 1989 1598 2038 est.

326 2065 442 2111 Nam
465 2080 565 2110 cum
586 2061 784 2107 ultimum
802 2062 1014 2123 proelium
1032 2060 1309 2108 commifl‘um
1329 2063 1452 2119 esset,
1467 2061 1601 2108 innu-

327 2136 462 2184 meris
489 2136 666 2181 suorum
687 2135 830 2190 caesiS,
851 2134 1052 2195 plurimis
1085 2133 1242 2197 fugatis
1261 2170 1274 2191 ,
1301 2133 1450 2180 multis
1469 2133 1600 2180 etiam

327 2210 486 2257 deditis
504 2245 518 2265 ,
544 2208 731 2254 Albinus
758 2206 895 2269 fugit:
923 2207 970 2252 &
988 2242 999 2263 ,
1019 2220 1065 2252 ut
1096 2207 1222 2253 multi
1246 2207 1400 2254 dicunt
1416 2241 1429 2264 ,
1452 2206 1602 2267 seipse

329 2282 567 2345 percussi13
594 2293 643 2326 ut
668 2279 766 2335 alii,
786 2295 808 2324 a
833 2279 962 2325 servo
986 2278 1063 2324 suo
1084 2280 1307 2341 percussus
1323 2315 1338 2337 ,
1359 2279 1603 2325 semivivus

328 2356 384 2400 ad
403 2358 611 2400 beverum
641 2352 848 2399 dedufius
869 2350 944 2398 est.
965 2352 1095 2397 Unde
1115 2350 1426 2398 confirmatum
1447 2350 1507 2396 est
1528 2367 1602 2394 au-

329 2424 536 2488 gurium,
556 2424 683 2489 quod
712 2423 853 2472 fuerat
888 2436 990 2471 ante
1019 2424 1290 2487 praediftum.
1326 2422 1460 2471 Multi
1485 2438 1602 2484 prae-
