1714 2807
308 149 373 196 66
532 147 1349 231 ›JUL11C4P1TOL1N1

307 257 434 318 quotl
467 256 594 302 illuni
627 256 807 318 populo
833 271 930 302 non
957 253 1365 302 commendabilem
1387 255 1607 302 redderet.

307 328 528 377 Amabilis
557 328 690 375 etiam
715 327 897 374 Senatui
927 327 1026 376 fuit.
1061 328 1171 374 Haec
1196 328 1250 374 de
1278 327 1506 390 utriusque
1534 327 1607 375 vi-

306 417 352 450 ta
380 401 699 463 comperImuS.
719 400 935 462 Denique
957 400 1197 458 nonnulli,
1219 399 1606 462 quemadmodum

308 476 536 521 Catonem
561 476 607 522 &
625 473 846 520 Caesarem
865 473 1097 519 Sallustius
1122 487 1382 535 comparat,
1405 474 1465 520 ita
1483 474 1605 520 bunc

309 564 499 611 quoque
532 548 886 608 comparandum
919 558 1156 608 putarunt3
1184 560 1233 593 ut
1260 548 1450 594 alterum
1479 547 1605 593 seve-

309 636 437 678 rum,
462 621 728 666 clementem
750 620 966 675 alternum
987 619 1159 665 bonum
1176 620 1328 677 illum,
1343 621 1473 666 istum
1493 637 1603 669 con·

305 695 521 751 stantem;
557 694 683 741 illum
716 694 830 740 nihil
863 693 1155 757 largientem,
1190 694 1313 742 hunc
1342 695 1600 742 affluentem

306 769 458 832 copiis
477 767 692 827 omnibus
711 766 928 813 dicerent.

398 844 516 888 VIII.
552 842 660 887 Haec
694 840 749 886 de
775 840 978 886 moribus
1012 851 1148 904 atque
1181 856 1360 904 genere.
1392 839 1606 888 Decretis

310 936 420 982 ergo
443 915 686 964 omnibus
676 915 977 976 imperatoriis
993 914 1247 962 honoribus
1268 928 1401 978 atque
1422 915 1606 979 insigni-

309 994 423 1046 bus,
453 1000 663 1051 percepta
689 987 922 1034 tribunitia
951 986 1232 1050 potestate,
1223 1004 1318 1047 lure
1356 987 1606 1063 proconsu-

311 1066 425 1120 lari,
447 1065 577 1109 Pont-
570 1061 719 1109 :ficatu
745 1062 980 1120 maximo,
1008 1061 1143 1124 patris
1172 1061 1305 1109 etiam
1332 1062 1487 1125 patriae
1516 1077 1603 1108 no·-

313 1140 465 1192 mine,
485 1138 547 1183 im
553 1150 682 1183 erunt
713 1137 964 1197 imperium.
994 1137 1074 1184 His
1107 1136 1256 1199 gestis,
1286 1136 1605 1201 celebratisque

312 1213 469 1267 sacris,
506 1208 616 1255 (latis
648 1209 762 1255 ludis
800 1209 1012 1264 scenicis,
1046 1209 1251 1272 ludisque
1287 1210 1605 1271 Circensibus,

313 1283 594 1350 g122<li012>-r50
624 1281 756 1327 etiam
779 1297 963 1329 munere
979 1317 991 1339 ,
1018 1281 1266 1338 Maximus,
1290 1282 1501 1345 susceptis
1521 1298 1606 1328 vo-

311 1361 370 1408 tis
407 1359 454 1404 in
489 1356 756 1418 Capitolio,
795 1355 849 1401 ad
886 1355 1055 1402 bellum
1094 1368 1255 1402 contra
1302 1355 1613 1402 Maximinum

311 1434 462 1483 missus
493 1432 553 1479 est
583 1449 683 1479 cum
716 1431 920 1477 exercitu
959 1431 1160 1495 ingenti,
1193 1430 1474 1493 praetorianis
1505 1431 1606 1478 Ro·
1677 1457 1679 1459 >

312 1528 399 1557 mae
435 1506 735 1555 manentibus.
773 1505 906 1552 Unde
941 1506 1416 1572 autemvmos‘tractus
1443 1504 1524 1564 fit,
1555 1519 1608 1553 ut

311 1582 651 1650 proficiscentes
680 1581 734 1626 ad
761 1579 928 1625 bellum
962 1580 1288 1640 Imperatores,
1317 1595 1479 1625 munus
1511 1578 1607 1642 gla-

314 1658 559 1706 diatorium
596 1655 648 1700 &
683 1664 873 1714 venatus
910 1652 1088 1707 darent,
1125 1651 1327 1698 breviter
1362 1651 1607 1699 dicendum

315 1732 391 1778 est.
427 1728 560 1787 Multi
590 1726 772 1783 dicunt,
803 1725 921 1787 apud
950 1738 1124 1772 veteres
1157 1725 1276 1772 hanc
1307 1724 1606 1773 devotionem

315 1818 480 1853 contra
500 1801 645 1848 hostes
676 1798 834 1846 fastam
852 1835 865 1856 ,
889 1812 937 1845 ut
957 1834 971 1856 ,
1000 1798 1173 1847 civium
1206 1798 1414 1862 sanguine
1446 1799 1608 1858 litato,

315 1875 463 1937 specie
492 1890 744 1938 pugnarum
770 1872 810 1919 se
844 1872 1076 1930 Nemesis,
1105 1871 1151 1918 id
1180 1872 1270 1931 est,
1304 1872 1371 1920 vis
1403 1874 1606 1937 quaedam

313 1956 552 2006 Fortunae,
577 1948 761 1995 satiaret.
786 1946 877 1994 Alii
908 1946 998 1994 hoc
1034 1945 1172 1992 literis
1205 1947 1413 2004 tradunt,
1443 1946 1607 2012 (quod

318 2023 600 2072 verifimilius
628 2020 804 2084 credo)
830 2020 974 2067 ituros
998 2019 1052 2065 ad
1078 2018 1243 2064 bellum
1270 2020 1505 2067 Romanos
1533 2021 1610 2068 de-

316 2097 457 2147 buiffe
493 2112 664 2160 pugnas
696 2095 876 2151 videre,
910 2098 959 2143 ὃ(
995 2094 1213 2151 vulnera,
1246 2096 1295 2143 &
1330 2094 1530 2152 ferrum,
1559 2098 1609 2144 &

319 2174 468 2219 nudos
492 2171 609 2218 inter
636 2169 680 2216 se
711 2181 955 2226 coeuntes,
986 2185 1041 2215 ne
1068 2167 1113 2213 in
1143 2167 1264 2214 bello
1295 2180 1491 2215 armatos
1519 2170 1606 2215 ho-

318 2247 400 2292 stes
432 2245 673 2302 timerent,
709 2254 786 2289 aut
814 2240 1001 2339 vulnera
1043 2242 1090 2287 ὅ(
1121 2239 1377 2303 sanguinem
1411 2241 1639 2304 pabor-⁸

318 2319 581 2365 relcerent.

387 2393 469 2438 IX.
490 2394 543 2437 Et
568 2389 776 2437 Maximo
797 2388 978 2453 quidem
999 2389 1054 2435 ad
1079 2388 1243 2435 bellum
1265 2387 1492 2451 profecto,
1513 2390 1609 2434 Ro-

321 2482 404 2514 mae
437 2463 698 2529 praetoriani
725 2462 1055 2511 remanserunt:
1080 2461 1195 2510 inter
1226 2478 1342 2526 quos
1374 2464 1422 2510 δι
1454 2477 1606 2526 popu·
