1637 2785
320 135 546 181 VITAE
594 137 693 181 ET
739 137 1130 191 SCRIPTA.
1294 151 1365 185 xv

86 257 230 290 narrat
259 243 441 300 meliori,
473 260 598 302 quam
625 243 789 301 fizc‘lum
813 243 907 302 fuit
942 264 968 289 a
1000 244 1255 304 Spartiano,
1286 249 1369 291 Ca·

79 319 262 378 pitolino
279 349 292 372 ,
315 331 436 375 atque
457 317 557 360 aliis
588 316 756 381 historice
794 318 987 381 Auguflae
1003 319 1299 378 scriptoribus,
1320 321 1366 364 irz

85 391 232 450 quibus
254 390 444 448 pleraque
476 390 597 433 valde
623 389 801 433 turbata.
825 392 1001 434 Ceterum
1025 392 1244 436 decreverat
1265 411 1366 451 quo-

85 480 158 522 que
194 463 394 506 memoriae
425 464 576 506 tradere
608 463 737 507 vitam
763 464 987 521 Apollonii
1020 463 1183 521 Tyarzei
1205 497 1217 518 ‚
1241 464 1368 522 plani

83 535 225 589 illius,
253 532 371 588 cujus
409 534 594 594 magicas
615 532 794 591 fraudes
825 533 936 578 veris
976 534 1118 596 Christi
1155 536 1366 580 miraculis

84 607 343 667 opponebant
380 608 563 667 gentiles.
603 609 735 652 Hunc
779 605 1030 670 impostorem
1076 608 1276 666 Vopiscus
1318 611 1364 653 in

84 680 324 723 Aureliano
352 680 559 738 appellat,
587 674 885 722 celeberrimae
914 674 1043 722 famae
1073 676 1366 723 auftoriratis-

83 765 172 812 que
192 748 431 808 sapientem
446 783 460 807 ‚
483 761 682 795 ueterem
710 747 1029 810 philosophum
1045 784 1059 806 ‚
1080 748 1269 795 amicum
1291 766 1369 796 ve·

83 837 184 868 rum
214 821 449 879 Deorum,
481 821 621 883 ipsum
657 821 788 867 etiam
822 837 907 882 pro
939 820 1125 868 numine
1160 820 1370 884 frequen-

85 894 286 941 tandum.
325 897 387 940 Ec
409 896 503 962 post
535 896 678 956 aliqua
714 897 761 940 de
793 897 923 940 eodem
956 895 1050 940 ait:
1082 893 1211 953 Quid
1251 894 1369 941 enim

85 966 169 1014 illo
199 967 300 1014 viro
340 966 558 1022 sanffius,
595 967 925 1025 venerabilius,
962 966 1213 1030 antiquius,
1250 967 1373 1014 divi-

87 1038 274 1101 niusque
309 1037 426 1103 intcr
454 1037 659 1085 homines
698 1037 811 1085 fuit?
843 1038 917 1085 ille
956 1037 1147 1085 mortuis
1180 1038 1372 1086 reddidit

87 1110 252 1154 vitam:
285 1109 360 1154 ille
383 1109 519 1154 multa
543 1109 658 1155 ultra
686 1111 893 1155 homines
923 1109 970 1155 &
994 1109 1126 1164 fecit,
1155 1112 1204 1157 &
1233 1111 1371 1159 dixit:

87 1194 190 1241 quae
224 1179 303 1242 qui
341 1180 469 1228 volet
510 1180 666 1236 nosse,
702 1185 895 1227 Graecos
933 1181 1050 1242 legat
1087 1180 1258 1237 libros,
1294 1184 1373 1243 qui

87 1252 144 1299 de
169 1251 262 1312 ejus
290 1252 384 1299 vita
418 1251 661 1314 conscripti
696 1251 807 1297 sunt.
838 1256 916 1298 Ex
946 1254 1011 1298 lzis
1046 1255 1276 1314 cognoscere
1301 1255 1373 1318 est,

88 1343 136 1375 ut
159 1332 206 1374 V
201 1328 361 1388 opifius
383 1329 552 1389 magnis
567 1326 748 1385 follibus
769 1327 1027 1388 propudiosa
1044 1326 1177 1385 fixerit
1204 1333 1373 1374 menda-

90 1402 154 1447 cia
178 1402 453 1461 spiraturus,
470 1401 521 1465 si
537 1400 755 1465 firipfiffit
788 1405 919 1448 vitam
960 1403 1211 1460 Apollonii,
1247 1421 1372 1461 quam

91 1475 288 1519 continuo
319 1475 413 1539 post
437 1476 677 1534 promittit,
707 1476 769 1519 lzis
801 1476 964 1520 verbis:
1004 1472 1095 1535 Ipse
1131 1485 1277 1518 autem
1297 1508 1310 1531 ‚
1343 1472 1374 1519 fi

90 1545 186 1593 vita
212 1544 439 1607 suppetat,
460 1558 592 1607 atque
614 1545 746 1607 ipfius
771 1544 859 1592 viri
884 1544 1033 1591 favori
1061 1543 1374 1606 usquequaque

90 1617 338 1679 placuerit,
366 1618 563 1666 breviter
593 1618 744 1665 saltem
778 1618 890 1664 tanti
929 1616 1016 1665 viri
1050 1616 1158 1663 facia
1190 1618 1235 1663 in
1272 1617 1374 1664 lite-

91 1704 162 1734 ras
192 1688 387 1736 mittam:
411 1706 505 1736 non
528 1708 622 1753 quo
651 1690 768 1737 illius
799 1690 887 1737 viri
922 1689 1039 1753 gesta
1070 1706 1252 1736 munere
1284 1689 1372 1737 mei

25 1780 33 1786 “
91 1760 308 1809 sermonis
336 1762 590 1827 indigeant,
612 1764 690 1811 sed
716 1776 765 1809 ut
793 1780 868 1820 ea,
890 1781 992 1829 quae
1019 1763 1219 1815 miranda
1244 1762 1372 1821 sunt,

94 1835 300 1884 omnium
334 1853 452 1888 voce
483 1837 800 1902 praedicentur.
