1714 2807
327 172 420 218 234
550 156 1409 207 FLAVIIVOPISCI

327 282 416 310 rum
431 298 443 318 ‚
469 281 588 309 nemo
607 264 835 308 Samarites
851 297 864 318 ‚
890 282 1008 308 nemo
1031 265 1067 309 C
1067 266 1353 331 hristianorunt
1378 270 1610 328 presbyter}

325 354 411 381 non
432 337 766 389 mathematicus,
785 354 870 380 non
889 337 1057 396 harusp
1053 356 1120 392 ·x,
1143 357 1230 384 nort
1254 342 1410 398 aliptes.
1434 342 1522 401 lpse
1542 343 1611 386 ille

321 410 562 470 patriarcha
585 426 674 453 curn
704 410 796 452 AEcr
764 423 943 469 gyptum
974 413 1149 464 venerit
1175 413 1226 455 ab
1249 412 1349 455 aliis
1376 414 1612 471 Serapidem

326 484 498 525 adorare
521 516 531 530 ,
564 483 617 525 ab
646 482 746 525 aliis
785 483 947 541 cogitur
974 482 1186 545 Christum.
1223 485 1365 528 Genus
1398 486 1613 530 hominum

315 555 660 617 seditiofiffimum
678 589 690 609 ‚
720 553 981 615 vanfflmum
996 590 1009 610 ‚
1039 556 1389 619 injuriosffitnum
1409 574 1426 602 .-
1464 561 1614 603 civitas

328 633 519 689 opulenta
535 665 545 680 ,
572 631 683 674 dives
698 664 709 681 ‚
727 629 930 687 foecunda
949 663 963 684 ‚
984 630 1028 673 in
1050 648 1130 688 qua
1156 648 1273 675 nemo
1299 633 1416 676 vivat
1444 633 1612 691 otiosus.

327 704 420 747 Alii
448 705 598 747 vitrum
627 703 834 765 conflant,
858 703 909 745 ab
930 701 1031 745 aliis
1053 703 1194 746 charta
1220 704 1453 761 conficitur:
1474 721 1612 750 ornnes

326 791 422 820 certe
446 776 678 831 linifiones,
708 774 982 833 cujuscunque
1021 776 1125 819 artis
1151 773 1193 820 δ’
1224 777 1433 831 videntur,
1463 773 1505 821 G*
1532 781 1614 822 lza-

327 851 480 893 bentur,
496 846 748 909 Proa'agrosi
755 850 865 907 quod
876 863 1017 908 agant,
1042 849 1191 892 liabent
1203 866 1223 903 ;
1241 851 1330 894 caeci
1343 852 1454 909 quod
1466 867 1612 911 agant,

327 923 501 974 habent,-
527 923 618 966 cxci
648 924 760 981 quod
774 920 963 978 faciant.
991 938 1040 964 ne
1071 922 1286 982 chiragrici
1312 924 1472 982 quidem
1502 925 1616 983 apud

327 1011 393 1039 eos
431 993 555 1055 otiosi
587 996 746 1037 vivunt.
790 996 917 1038 Unus
952 992 1039 1037 illis
1073 995 1144 1038 De
1136 1011 1195 1038 us
1225 996 1368 1038 nullus
1402 995 1465 1058 est.
1507 997 1615 1040 hunc

331 1068 581 1131 Christiani,
599 1069 708 1111 lzunc
729 1067 891 1117 Judaei,
918 1067 1025 1110 lzunc
1042 1083 1183 1111 ornnes
1200 1083 1441 1112 venerantur
1459 1064 1500 1112 G*
1519 1085 1617 1128 gen-

329 1155 398 1184 tes.
435 1137 478 1184 <5⁶
499 1143 662 1184 utinam
689 1142 832 1183 melius
856 1136 942 1200 effic
972 1157 1135 1184 morata
1166 1141 1341 1195 civitas,
1365 1142 1497 1202 digna
1515 1158 1616 1199 pro-

319 1211 429 1269 fsc‘lo
453 1213 522 1273 sui
548 1213 863 1272 profunditate,
883 1230 970 1271 quae
984 1230 1061 1272 pro
1075 1213 1147 1270 siti
1170 1216 1463 1274 magnitudine
1488 1215 1615 1259 totius

330 1290 514 1347 JEgypti
541 1303 670 1331 teneat
693 1289 990 1346 principatum.
1022 1287 1136 1331 Huic
1159 1306 1228 1348 ego
1258 1289 1399 1332 cunila
1416 1305 1532 1333 corice
1565 1307 1579 1332 t

329 1377 459 1406 vetera
479 1364 699 1422 privilegia
724 1363 913 1417 reddidi,
936 1379 1044 1405 nova
1059 1361 1124 1423 sic
1155 1364 1328 1416 addidi,
1352 1378 1396 1406 ttt
1423 1364 1617 1422 praesenti

330 1437 491 1495 gratias
515 1452 688 1496 agerent.
715 1436 885 1494 denique
910 1449 956 1479 ut
978 1437 1160 1494 primum
1187 1436 1280 1480 inde
1305 1434 1461 1496 discff
1472 1471 1482 1488 ‚
1504 1432 1546 1480 G·
1569 1438 1615 1480 in

322 1510 464 1568 filiurn
496 1529 625 1555 meum
660 1512 810 1554 Verum
840 1513 971 1553 multa
1011 1512 1233 1562 dixerunt,
1259 1505 1300 1553 δ’
1333 1512 1380 1551 de
1418 1511 1614 1552 Antinoo

332 1601 419 1643 quae
436 1586 652 1637 dixerunt,
673 1579 898 1644 comperiffe
917 1597 952 1625 te
973 1583 1097 1626 credo.
1127 1582 1256 1625 Nilzil
1281 1581 1369 1624 illis
1397 1595 1490 1639 opto
1505 1614 1516 1629 ,
1536 1578 1621 1643 nisi

333 1672 379 1702 ut
393 1657 492 1716 fitis
503 1658 639 1716 pullis
664 1661 855 1711 alantur,
875 1672 978 1714 quos
997 1655 1332 1715 quemadmodum
1341 1652 1618 1710 foecundant,

328 1732 457 1789 pudet
482 1732 620 1774 dicere.
655 1716 811 1774 Calices
839 1730 915 1772 tibi
931 1724 1166 1789 allassontes
1194 1726 1444 1789 versicolores
1473 1726 1616 1785 transl-

335 1801 452 1865 misi,
480 1820 582 1861 quos
613 1804 715 1846 milti
730 1802 927 1861 sacerdos
950 1802 1090 1857 templi
1116 1801 1264 1843 obtulit
1281 1834 1292 1850 ,
1317 1799 1396 1842 tihi
1417 1795 1459 1842 ὃ·
1477 1798 1620 1858 sorori

335 1891 428 1917 mete
450 1874 686 1932 specialiter
715 1875 924 1918 dedicatos
942 1888 957 1915 :
977 1889 1077 1931 quos
1103 1887 1150 1916 tu
1178 1872 1297 1915 velim
1316 1870 1437 1934 festis
1474 1872 1619 1915 diebus

338 1948 540 1991 conviviis
579 1947 789 1992 adhibeas.
833 1949 989 1991 Caveas
1015 1960 1151 1991 tamen
1169 1977 1182 1999 ,
1220 1961 1269 1988 ne
1288 1946 1354 1989 lzis
1384 1942 1620 2002 Africanus

293 2055 296 2058 .
339 2019 467 2083 ncster
488 2022 741 2081 indulgenter
761 2035 913 2064 utatur.

404 2092 482 2137 IX.
507 2092 613 2137 Haec
633 2106 739 2153 ergo
763 2091 964 2152 cogitans
993 2089 1045 2136 de
1070 2087 1294 2152 AEgyptiis
1325 2086 1618 2145 Aurelianus,

335 2162 527 2221 jusserat,
544 2179 598 2207 ne
622 2162 884 2208 Saturninus
907 2162 1149 2223 AEgyptum
1181 2159 1444 2206 videt-etz&
1473 2171 1621 2205 mente

338 2236 517 2298 quidem
543 2234 708 2281 divina.
741 2251 838 2280 nam
869 2247 915 2279 ut
944 2234 1134 2295 primum
1157 2231 1358 2295 AEgyptii
1376 2267 1391 2289 ,
1412 2247 1616 2294 magnam

339 2309 597 2372 potestatem
619 2308 670 2354 ad
699 2306 740 2353 se
766 2306 930 2353 venisse
946 2341 958 2363 ‚
979 2306 1187 2350 viderunt
1203 2341 1216 2361 ,
1238 2304 1378 2349 statim
1399 2304 1622 2350 clamave-

339 2396 441 2429 runt
457 2419 468 2439 ‚
493 2385 717 2429 Saturnine
744 2380 947 2445 Auguste,
970 2381 1056 2425 Dii
1085 2396 1119 2425 te
1138 2376 1335 2439 servent!
1354 2378 1401 2424 &
1425 2375 1497 2421 ille
1520 2374 1622 2436 qui-

343 2455 440 2502 dem
456 2489 471 2515 ‚
487 2456 610 2519 quod
628 2454 776 2518 negari
799 2469 893 2499 non
920 2450 1064 2516 potest
1078 2484 1090 2506 ‚
1110 2450 1178 2500 vir
1198 2449 1367 2514 sapiens
1380 2483 1395 2509 ,
1413 2447 1466 2495 de
1486 2447 1619 2495 Alex·
