1637 2785
248 187 492 234 FLAVII
533 186 828 234 VOPISCI
876 187 1167 236 FIRMUS.
1267 198 1358 254 22‘9

71 290 309 341 Valeriani
343 294 392 340 &
419 291 652 348 Gallieni,
685 307 768 338 nec
797 291 941 337 multo
970 291 1247 354 superiorum
1277 305 1355 339 aut

81 362 350 410 inferiorum
373 363 493 408 fuere
515 363 772 423 Principum
793 363 1084 426 temporibus.
1101 366 1254 424 Quare
1276 381 1361 410 no-

80 435 150 488 bis
168 436 298 482 etiam
325 451 418 481 non
437 433 621 480 minima
642 433 722 479 fuit
753 451 889 491 cura,
915 448 985 492 ut,
1012 436 1138 483 <mis
1164 436 1362 482 Aurelia-

82 521 147 552 no
170 540 183 563 ,
218 504 382 552 Tacito
405 507 460 558 δι
478 504 692 570 Floriano
708 540 722 562 ‚
746 505 905 551 Probo.
930 506 1061 552 etiam
1079 541 1092 564 ‚
1115 524 1279 570 magno
1309 525 1361 556 ac

79 579 288 643 singulari
322 579 556 641 Principe,
583 596 687 626 cum
717 578 894 626 dicendi
915 578 1050 625 essent
1081 580 1221 626 Carus
1239 616 1250 633 ‚
1272 581 1362 628 Ca·

79 653 208 700 rinus
229 687 242 710 ‚
280 654 329 701 &
365 651 696 709 Numerianus,
732 650 786 697 de
828 649 1073 697 Saturnino
1095 686 1109 709 ‚
1141 651 1326 698 Bonoso
1347 687 1363 711 ,

81 723 314 781 Proculo,
351 725 400 771 &
430 724 580 772 Firmo
599 758 614 783 ‚
650 721 728 786 qui
762 721 839 770 sub
870 715 1116 770 Aureliano
1148 722 1324 770 fuerant
1345 759 1364 782 ,

81 813 178 844 non
207 812 464 852 taceremus.

147 871 200 915 11.
228 869 321 917 Scis
349 869 468 916 enim
487 903 500 927 ,
520 867 581 914 mi
603 867 751 925 Basse,
768 877 936 929 quanta
964 865 1097 914 nobis
1124 865 1364 914 contentio

78 942 295 1002 proxime
331 941 464 989 fuerit
501 959 601 989 cum
641 954 840 989 amatore
879 941 1162 989 historiarum
1202 945 1364 990 Marco

81 1012 307 1075 Fonteio,
336 1031 439 1063 cum
470 1013 545 1061 ille
573 1013 766 1070 diceret,
794 1015 1015 1072 Firmum,
1037 1014 1113 1077 qui
1136 1015 1363 1061 Aurelian-i

82 1087 362 1149 temporibus
395 1088 654 1150 ‚Aigyptum
691 1098 1022 1149 occupaverat,
1061 1085 1362 1134 latrunculum

82 1159 225 1219 fuiffe,
239 1178 333 1208 non
348 1162 601 1223 Principem
613 1178 630 1206 .-
642 1173 799 1208 contra
812 1177 1200 1225 ego,fmecumque
1217 1160 1364 1207 Rufus

84 1233 266 1291 Celsus,
290 1236 347 1280 v&
376 1226 597 1294 Cej'onius
627 1233 822 1282 Julianus
842 1265 855 1287 ‚
879 1235 927 1280 δέ
963 1232 1122 1282 Fabius
1154 1232 1364 1281 Sosianus

12 1331 16 1335 >
75 1306 438 1365 contenderent,
454 1305 650 1353 dicentes
667 1341 680 1363 ‚
700 1305 826 1352 illum
852 1307 902 1354 ὅ(
928 1322 1123 1368 purpura
1138 1305 1261 1352 usum
1276 1340 1291 1363 ,
1313 1307 1363 1354 δε

82 1378 284 1440 percussa
325 1391 508 1425 moneta
551 1379 785 1443 Augustum
825 1377 908 1424 effe
949 1376 1213 1424 vocitatum.
1250 1377 1361 1440 quin

81 1449 215 1496 etiam
247 1467 456 1498 nummos
483 1450 578 1511 ejus
608 1452 799 1496 Severus
832 1449 1107 1497 Archontius
1137 1449 1361 1511 protulit:

83 1519 138 1566 de
156 1522 329 1585 Graecis
348 1534 494 1569 autem
514 1519 826 1585 AEgyptiisque
845 1522 971 1570 libris
991 1521 1211 1577 convicit,
1233 1521 1362 1569 illum

83 1593 375 1652 Αὐτοκράτορκ
403 1594 450 1640 in
477 1595 629 1645 edistis
666 1593 749 1641 suis
785 1595 872 1641 effe
909 1594 1172 1642 vocitatum.
1214 1597 1268 1642 Et
1295 1593 1363 1641 illi

83 1667 265 1728 quidem
296 1667 531 1715 adversum
562 1682 647 1713 nos
679 1668 971 1715 contendenti
999 1668 1098 1715 haec
1122 1665 1215 1713 sola
1247 1668 1362 1715 ratio

79 1738 167 1785 fuit
180 1742 345 1802 ‚quod
375 1741 581 1796 dicebat,
602 1741 893 1788 Aurelianum
924 1742 970 1787 in
1000 1741 1145 1788 edicto
1167 1741 1247 1789 suo
1265 1759 1361 1788 non

76 1810 321 1873 scripsisse,
350 1815 475 1875 quod
500 1827 742 1877 tyrannum
777 1813 1032 1872 occidisset,
1054 1815 1128 1861 sed
1155 1816 1280 1878 quod
1298 1815 1362 1863 la-

79 1885 341 1933 trunculum
360 1888 621 1950 quendama
639 1887 867 1960 republica
879 1887 1160 1936 removisset.
1175 1873 1385 1950 perinde

78 1959 203 2021 quasi
232 1959 364 2023 digne
385 1960 496 2008 tanti
525 1961 735 2024 Princeps
763 1961 962 2008 nominis
979 1961 1179 2008 debuerit
1203 1973 1362 2025 tyran-

81 2048 190 2078 num
211 2033 433 2094 appellare
455 2033 686 2083 hominem
705 2034 1027 2095 tenebrarium,
1045 2049 1120 2083 aut
1141 2053 1233 2084 non
1252 2037 1362 2084 sem=

79 2120 161 2167 per
179 2109 359 2152 latrones
379 2105 684 2154 vocitaverint
707 2107 854 2170 magni
872 2107 1098 2170 Principes
1121 2125 1200 2155 eos
1214 2144 1228 2166 ‚
1245 2125 1374 2172 quosv

81 2178 348 2226 invadentes
374 2195 591 2242 purpuras
618 2192 911 2228 necaverunt.
943 2180 1039 2244 Ipse
1066 2197 1150 2243 ego
1184 2181 1233 2227 in
1261 2184 1363 2230 Au·

81 2249 241 2296 reliani
269 2249 392 2308 vita,
424 2250 675 2314 priusquam
712 2251 766 2299 de
805 2252 957 2299 Firmo
991 2254 1146 2300 cuncta
1182 2269 1364 2317 cogno-

5 2352 11 2358 ·
82 2322 280 2380 scetem,
312 2323 505 2369 Firmum
535 2339 628 2370 non
659 2323 775 2372 inter
799 2338 1070 2387 purpuratos
1097 2325 1259 2384 habui,
1287 2327 1363 2374 sed

82 2395 206 2458 quasi
245 2396 466 2458 quendam
497 2395 747 2443 latronem:
783 2397 909 2460 quod
940 2395 1113 2442 idcirco
1142 2396 1269 2455 dixi,
1302 2415 1360 2446 ne

83 2467 182 2533 quis
210 2485 280 2517 me
303 2468 497 2518 oblitum
523 2468 782 2520 existimaret
799 2470 901 2520 mei.
925 2470 1010 2518 Sed
1031 2487 1084 2517 ne
1109 2471 1364 2533 volumini„

989 2544 1078 2605 1³3
