1637 2785
309 159 530 205 VJTAE
576 155 1097 202 ETSCRIPTA.
1293 165 1348 198 Jx

80 284 169 312 men
197 268 353 326 legatur
387 265 573 310 Vulcatii
608 263 855 317 Gallicani,
886 263 994 322 quod
1022 278 1107 306 non
1145 258 1249 305 alibi
1279 277 1350 305 oc·-

82 340 231 394 currit,
260 355 330 383 nec
363 352 501 382 tamen
530 354 558 380 a
587 337 771 381 librariis
810 350 948 380 temere
977 335 1250 394 praefin‘pcum
1281 335 1350 380 vi-

83 417 206 460 detur.
483 410 491 424 '

274 556 788 604 TREBELLIUS
835 553 1163 602 POLLIO.

144 704 443 749 PROXIMUS
463 704 515 768 ‹st
534 702 755 748 Trebellius
773 703 927 747 Pollio.
948 701 1054 745 Isin
1070 697 1256 760 principe
1274 699 1359 743 edi·

84 777 192 821 tione
210 811 222 829 ,
252 795 338 835 quae
370 778 607 822 Mediolani
629 777 816 836 prodiit,
846 777 1068 819 Trevellius
1094 776 1268 826 dicitur,
1284 773 1365 830 sed

80 868 303 908 perperam.
339 853 451 894 Nam
483 853 529 894 in
558 851 745 910 antiquis
771 850 1110 908 inscriptionibus
1142 849 1365 912 constanter

87 926 198 982 legas
213 956 226 975 ‚
256 924 473 967 Trebellius
490 923 750 967 Pelidiamus
765 956 778 979 ‚
799 923 1017 966 Trebellius
1038 922 1236 965 Marinus
1248 936 1364 978 proc.

90 996 286 1039 Trebellia
316 996 481 1054 Tyche,
514 998 666 1054 aliique
701 995 749 1039 id
773 1012 914 1055 gertus.
951 996 1105 1050 Adde,
1129 995 1240 1053 quod
1265 992 1365 1035 Tre-

87 1067 400 1126 belliusfaffum
421 1067 473 1130 est
494 1086 511 1112 e
539 1069 737 1112 Trebius:
762 1071 873 1127 quod
894 1071 940 1113 in
962 1068 1106 1126 iisdem
1132 1066 1368 1125 infiriptio-

88 1141 209 1184 nibus
248 1142 451 1185 crebrum:
482 1141 570 1193 uti,
611 1142 778 1186 Trebius
817 1141 1082 1193 Germanus,
1118 1141 1163 1184 C.
1199 1140 1367 1182 Trebius

88 1213 285 1271 Longus,
313 1212 457 1255 Trebia
485 1214 527 1256 C.
562 1214 611 1257 F.
631 1214 878 1268 Filurrzena,
895 1231 944 1257 ac
956 1212 1136 1274 fimilia.
1160 1214 1294 1256 Immo
1322 1212 1373 1256 ire

94 1287 341 1328 membranis
373 1285 434 1329 hic
461 1284 546 1344 ipse
559 1286 735 1345 seriptor
763 1287 930 1330 Trebius
949 1286 1089 1330 Pollio
1106 1285 1368 1337 nominatur,

91 1373 137 1401 ut
161 1356 366 1416 Salmasio
395 1359 609 1403 monitum.
641 1359 782 1402 Pollio
811 1359 905 1414 lzic,
935 1373 982 1401 ut
1014 1357 1188 1402 Flavius
1219 1353 1372 1413 Vopis-

93 1447 165 1474 cus
191 1430 234 1473 in
268 1430 490 1473 Aureliani
510 1431 596 1473 vita
614 1429 805 1492 firipsit,
829 1448 856 1474 a
884 1431 1042 1474 duobus
1067 1430 1277 1487 Philippis
1302 1427 1369 1487 us·

93 1523 165 1565 que
190 1506 250 1548 ad
270 1505 435 1559 Divum
454 1505 673 1549 Claudium
700 1501 743 1549 ἃ
766 1503 855 1560 ejus
867 1503 1044 1562 fratrem
1066 1502 1341 1563 Quini'lillum
1355 1535 1367 1556 ,

96 1580 356 1636 Imperatores
372 1611 383 1633 ‚
404 1592 491 1621 tam
514 1582 646 1622 claros
660 1612 671 1630 ,
693 1596 815 1637 quam
844 1578 1034 1637 obscuros
1055 1577 1251 1622 memoriae
1268 1592 1371 1635 pro-

97 1639 219 1692 didit.
253 1650 334 1692 Sed
366 1666 451 1693 non
491 1650 683 1693 lzabemus
728 1649 846 1693 hodie
882 1650 1011 1693 vitam
1056 1649 1373 1706 Philipporum,

99 1726 163 1766 vel
190 1722 344 1776 Decii,
375 1725 446 1781 qui
476 1723 687 1781 Philippis
707 1720 911 1782 fitccfft,
945 1726 1012 1766 vel
1040 1717 1267 1776 Gallis&
1288 1723 1371 1762 Vo-

99 1795 274 1859 lustani,
296 1798 365 1855 qui
380 1798 474 1860 post
497 1798 676 1841 Decium
697 1801 958 1857 imperarunt.
984 1798 1103 1856 Quin
1128 1814 1146 1840 e
1166 1797 1253 1841 vica
1279 1798 1326 1838 V
1321 1810 1372 1838 a·

97 1871 246 1914 leriani
274 1871 449 1927 patris,
478 1870 549 1927 qui
574 1869 667 1932 post
695 1870 866 1914 Gallum
898 1865 940 1914 δ’
985 1867 1259 1932 Volustanum
1294 1868 1375 1911 im-

91 1942 247 1999 perium
281 1942 440 1995 tenuit,
471 1954 651 1984 extrema
664 1940 806 1999 solum
824 1940 1063 2000 fitpersitnt.
1091 1943 1163 1984 Ac
1187 1956 1376 1999 praeterea

100 2015 294 2057 habemus
317 2016 447 2057 vitam
480 2015 696 2058 Valeriani
712 2014 823 2072 filii,
851 2015 944 2059 item
975 2013 1257 2058 Gallienomm
1275 2014 1377 2056 duo-

102 2103 188 2130 rum
205 2119 218 2139 ,
255 2082 298 2129 G·
315 2086 476 2129 ΧΧΧ
499 2099 775 2144 tyrannorum
790 2120 801 2141 ‚
820 2086 890 2145 qui
922 2086 1112 2130 Gallieni
1134 2086 1378 2143 temporibus

104 2159 314 2217 imperium
333 2175 600 2217 occuparunt.
619 2162 696 2204 Ad
715 2155 795 2203 lzaec
811 2159 924 2202 Divi
952 2159 1134 2203 Claudii.
1166 2158 1296 2216 Quod
1313 2174 1379 2200 re·

103 2248 148 2276 ro
171 2233 362 2275 volumen
371 2231 500 2289 suurn
526 2232 573 2275 de
600 2233 763 2276 XXX
785 2232 980 2291 tyrannis
1000 2229 1228 2292 inscripstt‚
1252 2247 1297 2274 eo
1320 2246 1381 2273 re·-

95 2303 266 2365 Jpexit‚
299 2305 410 2362 quod
433 2304 614 2348 Athenis
640 2322 667 2347 a
702 2304 923 2363 Lysandro
949 2305 1106 2363 captis,
1125 2303 1289 2346 XXX
1304 2316 1381 2361 ty·

105 2376 229 2420 sanni
265 2377 525 2433 imperarunt.
561 2378 726 2421 Bellum
766 2378 1009 2431 videbatur,
1031 2375 1081 2439 fi
1109 2374 1277 2420 totidem
1312 2390 1378 2432 ty·

106 2447 230 2490 fanni
266 2448 482 2493 Valeriani
508 2465 557 2495 ac
596 2447 785 2493 Gallieni
812 2447 1051 2508 temporibus
1081 2442 1284 2509 imperaffi
1313 2445 1373 2491 νὶ-
