<?xml version="1.0" encoding="UTF-8"?>
<!DOCTYPE html PUBLIC "-//W3C//DTD XHTML 1.0 Transitional//EN"
    "http://www.w3.org/TR/xhtml1/DTD/xhtml1-transitional.dtd">
<html xmlns="http://www.w3.org/1999/xhtml" xml:lang="en" lang="en">
 <head>
  <title>
</title>
<meta http-equiv="Content-Type" content="text/html;charset=utf-8" />
  <meta name='ocr-system' content='tesseract 3.04.00' />
  <meta name='ocr-capabilities' content='ocr_page ocr_carea ocr_par ocr_line ocrx_word'/>
</head>
<body>
  <div class='ocr_page' id='page_1' title='image "./historiaeaugusta00bipouoft_0053.png"; bbox 0 0 1637 2785; ppageno 0'>
   <div class='ocr_carea' id='block_1_1' title="bbox 354 130 1332 187">
    <p class='ocr_par' dir='ltr' id='par_1_1' title="bbox 354 130 1332 187">
     <span class='ocr_line' id='line_1_1' title="bbox 354 130 1332 187; baseline -0.001 -10"><span class='ocrx_word' id='word_1_1' title='bbox 354 130 1013 177; x_wconf 86' lang='lat' dir='ltr'><em>EDITIONUM.</em></span> <span class='ocrx_word' id='word_1_2' title='bbox 1106 144 1332 187; x_wconf 28' lang='lat' dir='ltr'>,xxxv</span> 
     </span>
    </p>
   </div>
   <div class='ocr_carea' id='block_1_2' title="bbox 66 235 1361 2496">
    <p class='ocr_par' dir='ltr' id='par_1_2' title="bbox 223 235 1337 339">
     <span class='ocr_line' id='line_1_2' title="bbox 229 235 1336 288; baseline -0.002 -11"><span class='ocrx_word' id='word_1_3' title='bbox 229 238 331 287; x_wconf 89' lang='lat' dir='ltr'>cujus</span> <span class='ocrx_word' id='word_1_4' title='bbox 353 237 464 275; x_wconf 79' lang='lat' dir='ltr'>etiam</span> <span class='ocrx_word' id='word_1_5' title='bbox 485 235 617 276; x_wconf 87' lang='lat' dir='ltr'>additae</span> <span class='ocrx_word' id='word_1_6' title='bbox 637 247 745 276; x_wconf 83' lang='lat' dir='ltr'>notae.</span> <span class='ocrx_word' id='word_1_7' title='bbox 771 237 976 283; x_wconf 78' lang='lat' dir='ltr'>Hanoviae‚</span> <span class='ocrx_word' id='word_1_8' title='bbox 999 235 1168 288; x_wconf 74' lang='lat' dir='ltr'>impensis</span> <span class='ocrx_word' id='word_1_9' title='bbox 1194 236 1336 277; x_wconf 75' lang='lat' dir='ltr'>Claudii</span> 
     </span>
     <span class='ocr_line' id='line_1_3' title="bbox 223 288 1337 339; baseline 0.003 -10"><span class='ocrx_word' id='word_1_10' title='bbox 223 290 356 336; x_wconf 85' lang='lat' dir='ltr'>Marnii</span> <span class='ocrx_word' id='word_1_11' title='bbox 371 288 544 329; x_wconf 85' lang='lat' dir='ltr'>heredum</span> <span class='ocrx_word' id='word_1_12' title='bbox 563 321 574 338; x_wconf 86' lang='lat'>,</span> <span class='ocrx_word' id='word_1_13' title='bbox 592 291 699 339; x_wconf 82' lang='lat' dir='ltr'>Joan.</span> <span class='ocrx_word' id='word_1_14' title='bbox 714 292 753 330; x_wconf 88' lang='lat'>&amp;</span> <span class='ocrx_word' id='word_1_15' title='bbox 772 291 931 328; x_wconf 74' lang='lat' dir='ltr'>Andreae</span> <span class='ocrx_word' id='word_1_16' title='bbox 956 289 1091 329; x_wconf 80' lang='lat' dir='ltr'>Marnii</span> <span class='ocrx_word' id='word_1_17' title='bbox 1112 292 1151 329; x_wconf 65' lang='grc' dir='ltr'>δέ</span> <span class='ocrx_word' id='word_1_18' title='bbox 1177 291 1337 332; x_wconf 80' lang='lat' dir='ltr'><strong>confort.</strong></span> 
     </span>
    </p>

    <p class='ocr_par' dir='ltr' id='par_1_3' title="bbox 76 343 1361 772">
     <span class='ocr_line' id='line_1_4' title="bbox 76 343 1338 397; baseline 0 -13"><span class='ocrx_word' id='word_1_19' title='bbox 76 343 174 386; x_wconf 80' lang='lat'>1620</span> <span class='ocrx_word' id='word_1_20' title='bbox 227 343 395 395; x_wconf 82' lang='lat' dir='ltr'>Parisiis,</span> <span class='ocrx_word' id='word_1_21' title='bbox 415 344 476 383; x_wconf 92' lang='lat' dir='ltr'>fol.</span> <span class='ocrx_word' id='word_1_22' title='bbox 494 343 665 384; x_wconf 75' lang='lat' dir='ltr'>Historiae</span> <span class='ocrx_word' id='word_1_23' title='bbox 695 343 868 397; x_wconf 61' lang='lat' dir='ltr'>Augustae</span> <span class='ocrx_word' id='word_1_24' title='bbox 890 343 1092 394; x_wconf 72' lang='lat' dir='ltr'>Scriptores</span> <span class='ocrx_word' id='word_1_25' title='bbox 1119 345 1198 392; x_wconf 75' lang='lat' dir='ltr'>sex,</span> <span class='ocrx_word' id='word_1_26' title='bbox 1221 346 1338 384; x_wconf 80' lang='lat' dir='ltr'>AElius</span> 
     </span>
     <span class='ocr_line' id='line_1_5' title="bbox 226 397 1336 450; baseline -0.001 -13"><span class='ocrx_word' id='word_1_27' title='bbox 226 397 457 449; x_wconf 73' lang='lat' dir='ltr'>Spartianus,</span> <span class='ocrx_word' id='word_1_28' title='bbox 491 399 609 446; x_wconf 83' lang='lat' dir='ltr'>Julius</span> <span class='ocrx_word' id='word_1_29' title='bbox 642 398 867 448; x_wconf 78' lang='lat' dir='ltr'>Capitolinus</span> <span class='ocrx_word' id='word_1_30' title='bbox 887 428 899 446; x_wconf 84' lang='lat'>‚</span> <span class='ocrx_word' id='word_1_31' title='bbox 937 398 1050 437; x_wconf 85' lang='lat' dir='ltr'>AElius</span> <span class='ocrx_word' id='word_1_32' title='bbox 1081 397 1336 450; x_wconf 75' lang='lat' dir='ltr'>Lampridius,</span> 
     </span>
     <span class='ocr_line' id='line_1_6' title="bbox 225 450 1361 500; baseline 0 -10"><span class='ocrx_word' id='word_1_33' title='bbox 225 452 414 490; x_wconf 84' lang='lat' dir='ltr'>Vulcatius</span> <span class='ocrx_word' id='word_1_34' title='bbox 439 451 672 500; x_wconf 76' lang='lat' dir='ltr'>Gallicanus,</span> <span class='ocrx_word' id='word_1_35' title='bbox 694 452 895 492; x_wconf 78' lang='lat' dir='ltr'>Trebellius</span> <span class='ocrx_word' id='word_1_36' title='bbox 919 450 1056 498; x_wconf 86' lang='lat' dir='ltr'>Pollio,</span> <span class='ocrx_word' id='word_1_37' title='bbox 1081 451 1230 490; x_wconf 80' lang='lat' dir='ltr'>Flavius</span> <span class='ocrx_word' id='word_1_38' title='bbox 1254 452 1361 493; x_wconf 61' lang='lat' dir='ltr'>Vo-&gt;</span> 
     </span>
     <span class='ocr_line' id='line_1_7' title="bbox 225 505 1337 558; baseline 0.002 -15"><span class='ocrx_word' id='word_1_39' title='bbox 225 505 354 558; x_wconf 85' lang='lat' dir='ltr'>piscus.</span> <span class='ocrx_word' id='word_1_40' title='bbox 385 505 558 544; x_wconf 84' lang='lat' dir='ltr'>Claudius</span> <span class='ocrx_word' id='word_1_41' title='bbox 586 508 779 556; x_wconf 73' lang='lat' dir='ltr'>Salmasius</span> <span class='ocrx_word' id='word_1_42' title='bbox 809 520 854 545; x_wconf 91' lang='lat' dir='ltr'>ex</span> <span class='ocrx_word' id='word_1_43' title='bbox 885 505 1070 543; x_wconf 80' lang='lat' dir='ltr'>veteribus</span> <span class='ocrx_word' id='word_1_44' title='bbox 1096 506 1190 542; x_wconf 82' lang='lat' dir='ltr'>libris</span> <span class='ocrx_word' id='word_1_45' title='bbox 1212 520 1337 545; x_wconf 86' lang='lat' dir='ltr'>recen·</span> 
     </span>
     <span class='ocr_line' id='line_1_8' title="bbox 224 559 1340 611; baseline 0 -14"><span class='ocrx_word' id='word_1_46' title='bbox 224 559 309 607; x_wconf 87' lang='lat' dir='ltr'>suit,</span> <span class='ocrx_word' id='word_1_47' title='bbox 326 559 508 598; x_wconf 86' lang='lat' dir='ltr'>&amp;librum</span> <span class='ocrx_word' id='word_1_48' title='bbox 532 560 666 609; x_wconf 84' lang='lat' dir='ltr'>adjecit</span> <span class='ocrx_word' id='word_1_49' title='bbox 680 572 847 601; x_wconf 81' lang='lat' dir='ltr'>notarum</span> <span class='ocrx_word' id='word_1_50' title='bbox 862 559 902 597; x_wconf 65' lang='grc' dir='ltr'>ὃ(</span> <span class='ocrx_word' id='word_1_51' title='bbox 916 559 1208 597; x_wconf 80' lang='lat' dir='ltr'>emendationum</span> <span class='ocrx_word' id='word_1_52' title='bbox 1223 589 1234 605; x_wconf 85' lang='lat'><em>‚</em></span> <span class='ocrx_word' id='word_1_53' title='bbox 1260 563 1340 611; x_wconf 87' lang='lat' dir='ltr'>qui-</span> 
     </span>
     <span class='ocr_line' id='line_1_9' title="bbox 224 612 1337 660; baseline 0.001 -10"><span class='ocrx_word' id='word_1_54' title='bbox 224 612 293 651; x_wconf 90' lang='lat' dir='ltr'>bus</span> <span class='ocrx_word' id='word_1_55' title='bbox 318 612 497 660; x_wconf 61' lang='lat' dir='ltr'>adjunRae</span> <span class='ocrx_word' id='word_1_56' title='bbox 529 613 608 652; x_wconf 90' lang='lat' dir='ltr'>sunt</span> <span class='ocrx_word' id='word_1_57' title='bbox 633 625 726 652; x_wconf 63' lang='lat' dir='ltr'>notre</span> <span class='ocrx_word' id='word_1_58' title='bbox 753 629 795 652; x_wconf 85' lang='lat' dir='ltr'>ac</span> <span class='ocrx_word' id='word_1_59' title='bbox 830 612 1104 652; x_wconf 76' lang='lat' dir='ltr'>emendationes</span> <span class='ocrx_word' id='word_1_60' title='bbox 1129 612 1240 651; x_wconf 80' lang='lat' dir='ltr'>Isaaci</span> <span class='ocrx_word' id='word_1_61' title='bbox 1268 615 1337 651; x_wconf 62' lang='lat' dir='ltr'>Ca-</span> 
     </span>
     <span class='ocr_line' id='line_1_10' title="bbox 216 665 1338 718; baseline 0 -13"><span class='ocrx_word' id='word_1_62' title='bbox 216 667 372 718; x_wconf 80' lang='lat' dir='ltr'>sauboni</span> <span class='ocrx_word' id='word_1_63' title='bbox 399 668 475 714; x_wconf 85' lang='lat' dir='ltr'>jam</span> <span class='ocrx_word' id='word_1_64' title='bbox 501 681 607 706; x_wconf 81' lang='lat' dir='ltr'>antea</span> <span class='ocrx_word' id='word_1_65' title='bbox 634 668 750 707; x_wconf 82' lang='lat' dir='ltr'>editae.</span> <span class='ocrx_word' id='word_1_66' title='bbox 780 668 866 705; x_wconf 79' lang='lat' dir='ltr'>Vici.</span> <span class='ocrx_word' id='word_1_67' title='bbox 894 665 1338 705; x_wconf 73' lang='lat' dir='ltr'>NiceroniNaclirichten</span> 
     </span>
     <span class='ocr_line' id='line_1_11' title="bbox 225 719 1161 772; baseline 0 -14"><span class='ocrx_word' id='word_1_68' title='bbox 225 733 302 759; x_wconf 88' lang='lat' dir='ltr'>von</span> <span class='ocrx_word' id='word_1_69' title='bbox 324 720 540 759; x_wconf 84' lang='lat' dir='ltr'>beriihmten</span> <span class='ocrx_word' id='word_1_70' title='bbox 565 722 768 761; x_wconf 83' lang='lat' dir='ltr'>Gelehrten</span> <span class='ocrx_word' id='word_1_71' title='bbox 792 723 866 760; x_wconf 56' lang='lat' dir='ltr'>&amp;a</span> <span class='ocrx_word' id='word_1_72' title='bbox 888 719 943 766; x_wconf 84' lang='lat' dir='ltr'>II,</span> <span class='ocrx_word' id='word_1_73' title='bbox 973 733 1056 772; x_wconf 71' lang='lat' dir='ltr'>pag.</span> <span class='ocrx_word' id='word_1_74' title='bbox 1074 719 1161 767; x_wconf 80' lang='lat'>406.</span> 
     </span>
    </p>

    <p class='ocr_par' dir='ltr' id='par_1_4' title="bbox 67 772 1338 883">
     <span class='ocr_line' id='line_1_12' title="bbox 67 772 1338 828; baseline 0.001 -16"><span class='ocrx_word' id='word_1_75' title='bbox 67 772 168 826; x_wconf 83' lang='lat'>1623</span> <span class='ocrx_word' id='word_1_76' title='bbox 227 776 262 812; x_wconf 88' lang='lat' dir='ltr'>in</span> <span class='ocrx_word' id='word_1_77' title='bbox 285 774 498 814; x_wconf 70' lang='lat' dir='ltr'>colleffione</span> <span class='ocrx_word' id='word_1_78' title='bbox 523 775 668 828; x_wconf 87' lang='lat' dir='ltr'>Scriptt.</span> <span class='ocrx_word' id='word_1_79' title='bbox 690 786 766 816; x_wconf 88' lang='lat' dir='ltr'>vet.</span> <span class='ocrx_word' id='word_1_80' title='bbox 792 774 871 814; x_wconf 79' lang='lat' dir='ltr'>hist.</span> <span class='ocrx_word' id='word_1_81' title='bbox 898 773 1010 813; x_wconf 81' lang='lat' dir='ltr'>Rom.</span> <span class='ocrx_word' id='word_1_82' title='bbox 1036 772 1250 813; x_wconf 77' lang='lat' dir='ltr'>Genevenfi</span> <span class='ocrx_word' id='word_1_83' title='bbox 1282 789 1338 813; x_wconf 85' lang='lat' dir='ltr'>re-</span> 
     </span>
     <span class='ocr_line' id='line_1_13' title="bbox 224 829 621 883; baseline 0.008 -16"><span class='ocrx_word' id='word_1_84' title='bbox 224 829 335 881; x_wconf 84' lang='lat' dir='ltr'>petita</span> <span class='ocrx_word' id='word_1_85' title='bbox 356 841 400 867; x_wconf 84' lang='lat' dir='ltr'>ex</span> <span class='ocrx_word' id='word_1_86' title='bbox 422 829 480 868; x_wconf 80' lang='lat' dir='ltr'>illa</span> <span class='ocrx_word' id='word_1_87' title='bbox 509 830 621 883; x_wconf 79' lang='lat'>1609.</span> 
     </span>
    </p>

    <p class='ocr_par' dir='ltr' id='par_1_5' title="bbox 73 879 1340 1622">
     <span class='ocr_line' id='line_1_14' title="bbox 73 879 1336 934; baseline -0.001 -13"><span class='ocrx_word' id='word_1_88' title='bbox 73 879 170 934; x_wconf 84' lang='lat'>1632</span> <span class='ocrx_word' id='word_1_89' title='bbox 226 882 391 934; x_wconf 80' lang='lat' dir='ltr'>Lugduni</span> <span class='ocrx_word' id='word_1_90' title='bbox 409 881 496 921; x_wconf 77' lang='lat' dir='ltr'>Bar.</span> <span class='ocrx_word' id='word_1_91' title='bbox 523 897 580 922; x_wconf 86' lang='lat'>12.</span> <span class='ocrx_word' id='word_1_92' title='bbox 597 898 641 922; x_wconf 81' lang='lat' dir='ltr'>ex</span> <span class='ocrx_word' id='word_1_93' title='bbox 663 882 761 922; x_wconf 86' lang='lat' dir='ltr'>offic.</span> <span class='ocrx_word' id='word_1_94' title='bbox 781 882 842 930; x_wconf 78' lang='lat' dir='ltr'>Jo.</span> <span class='ocrx_word' id='word_1_95' title='bbox 867 881 997 922; x_wconf 84' lang='lat' dir='ltr'>Mairii.</span> <span class='ocrx_word' id='word_1_96' title='bbox 1024 894 1041 934; x_wconf 88' lang='lat'><em>5</em></span> <span class='ocrx_word' id='word_1_97' title='bbox 1064 881 1151 920; x_wconf 84' lang='lat' dir='ltr'>voli.</span> <span class='ocrx_word' id='word_1_98' title='bbox 1168 880 1336 920; x_wconf 71' lang='lat' dir='ltr'>Historiae</span> 
     </span>
     <span class='ocr_line' id='line_1_15' title="bbox 224 934 1336 990; baseline 0.001 -16"><span class='ocrx_word' id='word_1_99' title='bbox 224 935 399 990; x_wconf 67' lang='lat' dir='ltr'>Augustae</span> <span class='ocrx_word' id='word_1_100' title='bbox 425 936 626 989; x_wconf 76' lang='lat' dir='ltr'>Scriptores</span> <span class='ocrx_word' id='word_1_101' title='bbox 648 938 766 976; x_wconf 85' lang='lat' dir='ltr'>Latini</span> <span class='ocrx_word' id='word_1_102' title='bbox 789 938 967 984; x_wconf 87' lang='lat' dir='ltr'>minores,</span> <span class='ocrx_word' id='word_1_103' title='bbox 993 950 1038 975; x_wconf 83' lang='lat' dir='ltr'>ex</span> <span class='ocrx_word' id='word_1_104' title='bbox 1060 934 1264 974; x_wconf 73' lang='lat' dir='ltr'>recensione</span> <span class='ocrx_word' id='word_1_105' title='bbox 1280 935 1336 975; x_wconf 86' lang='lat' dir='ltr'>M.</span> 
     </span>
     <span class='ocr_line' id='line_1_16' title="bbox 223 989 1336 1040; baseline -0.001 -11"><span class='ocrx_word' id='word_1_106' title='bbox 223 990 340 1029; x_wconf 88' lang='lat' dir='ltr'>Zuerii</span> <span class='ocrx_word' id='word_1_107' title='bbox 362 991 573 1029; x_wconf 75' lang='lat' dir='ltr'>Boxlwrm‘i.</span> <span class='ocrx_word' id='word_1_108' title='bbox 599 992 639 1030; x_wconf 90' lang='lat' dir='ltr'>In</span> <span class='ocrx_word' id='word_1_109' title='bbox 670 990 743 1030; x_wconf 79' lang='lat' dir='ltr'>fine</span> <span class='ocrx_word' id='word_1_110' title='bbox 768 990 907 1028; x_wconf 83' lang='lat' dir='ltr'>additas</span> <span class='ocrx_word' id='word_1_111' title='bbox 928 990 1038 1028; x_wconf 68' lang='lat' dir='ltr'>habet</span> <span class='ocrx_word' id='word_1_112' title='bbox 1069 989 1336 1040; x_wconf 75' lang='lat' dir='ltr'>inscriptiones,</span> 
     </span>
     <span class='ocr_line' id='line_1_17' title="bbox 223 1042 1339 1097; baseline -0.001 -15"><span class='ocrx_word' id='word_1_113' title='bbox 223 1057 304 1097; x_wconf 82' lang='lat' dir='ltr'>quae</span> <span class='ocrx_word' id='word_1_114' title='bbox 341 1042 626 1097; x_wconf 78' lang='lat' dir='ltr'>Imperatorum,</span> <span class='ocrx_word' id='word_1_115' title='bbox 661 1059 815 1097; x_wconf 86' lang='lat' dir='ltr'>qnorum</span> <span class='ocrx_word' id='word_1_116' title='bbox 850 1045 938 1083; x_wconf 66' lang='lat' dir='ltr'>vitae</span> <span class='ocrx_word' id='word_1_117' title='bbox 966 1044 1024 1082; x_wconf 88' lang='lat' dir='ltr'>hic</span> <span class='ocrx_word' id='word_1_118' title='bbox 1059 1042 1339 1091; x_wconf 82' lang='lat' dir='ltr'>describuntur,</span> 
     </span>
     <span class='ocr_line' id='line_1_18' title="bbox 221 1096 1338 1145; baseline -0.001 -8"><span class='ocrx_word' id='word_1_119' title='bbox 221 1099 442 1137; x_wconf 78' lang='lat' dir='ltr'>mentionem</span> <span class='ocrx_word' id='word_1_120' title='bbox 463 1097 620 1145; x_wconf 80' lang='lat' dir='ltr'>faciunt,</span> <span class='ocrx_word' id='word_1_121' title='bbox 642 1098 872 1145; x_wconf 86' lang='lat' dir='ltr'>illustriores,</span> <span class='ocrx_word' id='word_1_122' title='bbox 895 1112 962 1137; x_wconf 90' lang='lat' dir='ltr'>nec</span> <span class='ocrx_word' id='word_1_123' title='bbox 985 1111 1058 1136; x_wconf 78' lang='lat' dir='ltr'>non</span> <span class='ocrx_word' id='word_1_124' title='bbox 1076 1096 1282 1135; x_wconf 87' lang='lat' dir='ltr'>Boxhornii</span> <span class='ocrx_word' id='word_1_125' title='bbox 1298 1099 1338 1136; x_wconf 85' lang='lat' dir='ltr'>in</span> 
     </span>
     <span class='ocr_line' id='line_1_19' title="bbox 223 1150 1339 1204; baseline -0.001 -14"><span class='ocrx_word' id='word_1_126' title='bbox 223 1150 320 1204; x_wconf 83' lang='lat' dir='ltr'>ipsos</span> <span class='ocrx_word' id='word_1_127' title='bbox 346 1151 423 1190; x_wconf 91' lang='lat' dir='ltr'>illos</span> <span class='ocrx_word' id='word_1_128' title='bbox 445 1151 631 1203; x_wconf 79' lang='lat' dir='ltr'>scriptores</span> <span class='ocrx_word' id='word_1_129' title='bbox 653 1151 1000 1191; x_wconf 74' lang='lat' dir='ltr'>animadversiones.</span> <span class='ocrx_word' id='word_1_130' title='bbox 1029 1150 1156 1189; x_wconf 84' lang='lat' dir='ltr'>Editor</span> <span class='ocrx_word' id='word_1_131' title='bbox 1172 1150 1270 1188; x_wconf 87' lang='lat' dir='ltr'>haud</span> <span class='ocrx_word' id='word_1_132' title='bbox 1285 1150 1339 1190; x_wconf 84' lang='lat' dir='ltr'>se-</span> 
     </span>
     <span class='ocr_line' id='line_1_20' title="bbox 224 1203 1340 1257; baseline 0 -13"><span class='ocrx_word' id='word_1_133' title='bbox 224 1206 297 1244; x_wconf 85' lang='lat' dir='ltr'>mel</span> <span class='ocrx_word' id='word_1_134' title='bbox 314 1204 472 1244; x_wconf 62' lang='lat' dir='ltr'>dissentit</span> <span class='ocrx_word' id='word_1_135' title='bbox 495 1220 579 1244; x_wconf 87' lang='lat' dir='ltr'>cum</span> <span class='ocrx_word' id='word_1_136' title='bbox 603 1205 804 1254; x_wconf 79' lang='lat' dir='ltr'>Salmafi03</span> <span class='ocrx_word' id='word_1_137' title='bbox 825 1220 891 1244; x_wconf 87' lang='lat' dir='ltr'>nec</span> <span class='ocrx_word' id='word_1_138' title='bbox 913 1207 962 1243; x_wconf 86' lang='lat' dir='ltr'>ita</span> <span class='ocrx_word' id='word_1_139' title='bbox 984 1203 1178 1244; x_wconf 80' lang='lat' dir='ltr'>Salmasius</span> <span class='ocrx_word' id='word_1_140' title='bbox 1196 1218 1340 1257; x_wconf 83' lang='lat' dir='ltr'>praece-</span> 
     </span>
     <span class='ocr_line' id='line_1_21' title="bbox 225 1258 1338 1321; baseline 0.001 -24"><span class='ocrx_word' id='word_1_141' title='bbox 225 1271 330 1321; x_wconf 78' lang='lat' dir='ltr'>perat</span> <span class='ocrx_word' id='word_1_142' title='bbox 363 1261 508 1307; x_wconf 79' lang='lat' dir='ltr'>omnia,</span> <span class='ocrx_word' id='word_1_143' title='bbox 537 1273 576 1298; x_wconf 92' lang='lat' dir='ltr'>ut</span> <span class='ocrx_word' id='word_1_144' title='bbox 606 1259 702 1298; x_wconf 83' lang='lat' dir='ltr'>haud</span> <span class='ocrx_word' id='word_1_145' title='bbox 724 1259 899 1298; x_wconf 86' lang='lat' dir='ltr'>inveniret</span> <span class='ocrx_word' id='word_1_146' title='bbox 921 1258 1177 1305; x_wconf 85' lang='lat' dir='ltr'>Boxhornius,</span> <span class='ocrx_word' id='word_1_147' title='bbox 1201 1260 1236 1297; x_wconf 90' lang='lat' dir='ltr'>in</span> <span class='ocrx_word' id='word_1_148' title='bbox 1260 1272 1338 1311; x_wconf 88' lang='lat' dir='ltr'>quo</span> 
     </span>
     <span class='ocr_line' id='line_1_22' title="bbox 225 1311 1340 1366; baseline -0.001 -16"><span class='ocrx_word' id='word_1_149' title='bbox 225 1312 334 1365; x_wconf 75' lang='lat' dir='ltr'>ipsius</span> <span class='ocrx_word' id='word_1_150' title='bbox 367 1313 551 1366; x_wconf 82' lang='lat' dir='ltr'>diligentia</span> <span class='ocrx_word' id='word_1_151' title='bbox 573 1313 799 1353; x_wconf 84' lang='lat' dir='ltr'>laudabiliter</span> <span class='ocrx_word' id='word_1_152' title='bbox 825 1312 941 1366; x_wconf 81' lang='lat' dir='ltr'>posset</span> <span class='ocrx_word' id='word_1_153' title='bbox 965 1312 1114 1351; x_wconf 87' lang='lat' dir='ltr'>versari.</span> <span class='ocrx_word' id='word_1_154' title='bbox 1139 1311 1340 1364; x_wconf 75' lang='lat' dir='ltr'>Reperiun-</span> 
     </span>
     <span class='ocr_line' id='line_1_23' title="bbox 223 1365 1339 1415; baseline 0 -11"><span class='ocrx_word' id='word_1_155' title='bbox 223 1377 281 1404; x_wconf 89' lang='lat' dir='ltr'>tur</span> <span class='ocrx_word' id='word_1_156' title='bbox 306 1381 398 1407; x_wconf 90' lang='lat' dir='ltr'>vero</span> <span class='ocrx_word' id='word_1_157' title='bbox 421 1370 455 1407; x_wconf 69' lang='lat' dir='ltr'>‘m</span> <span class='ocrx_word' id='word_1_158' title='bbox 476 1369 546 1407; x_wconf 86' lang='lat' dir='ltr'>hac</span> <span class='ocrx_word' id='word_1_159' title='bbox 573 1367 806 1407; x_wconf 70' lang='lat' dir='ltr'>colleffione:</span> <span class='ocrx_word' id='word_1_160' title='bbox 835 1367 881 1406; x_wconf 90' lang='lat' dir='ltr'>C.</span> <span class='ocrx_word' id='word_1_161' title='bbox 907 1367 976 1415; x_wconf 83' lang='lat' dir='ltr'>Jul.</span> <span class='ocrx_word' id='word_1_162' title='bbox 998 1367 1151 1412; x_wconf 84' lang='lat' dir='ltr'>Florus,</span> <span class='ocrx_word' id='word_1_163' title='bbox 1177 1365 1216 1404; x_wconf 89' lang='lat' dir='ltr'>P.</span> <span class='ocrx_word' id='word_1_164' title='bbox 1244 1366 1339 1404; x_wconf 90' lang='lat' dir='ltr'>Vel-</span> 
     </span>
     <span class='ocr_line' id='line_1_24' title="bbox 221 1418 1336 1469; baseline -0.001 -11"><span class='ocrx_word' id='word_1_165' title='bbox 221 1420 312 1469; x_wconf 88' lang='lat' dir='ltr'>lejus</span> <span class='ocrx_word' id='word_1_166' title='bbox 325 1419 554 1469; x_wconf 78' lang='lat' dir='ltr'>paterculus,</span> <span class='ocrx_word' id='word_1_167' title='bbox 575 1420 657 1460; x_wconf 79' lang='lat' dir='ltr'>Sex.</span> <span class='ocrx_word' id='word_1_168' title='bbox 679 1421 771 1460; x_wconf 85' lang='lat' dir='ltr'>Aur.</span> <span class='ocrx_word' id='word_1_169' title='bbox 790 1421 919 1460; x_wconf 69' lang='lat' dir='ltr'>Vi&amp;or</span> <span class='ocrx_word' id='word_1_170' title='bbox 932 1451 944 1467; x_wconf 93' lang='lat'>,</span> <span class='ocrx_word' id='word_1_171' title='bbox 966 1420 1048 1459; x_wconf 74' lang='lat' dir='ltr'>Sex.</span> <span class='ocrx_word' id='word_1_172' title='bbox 1065 1419 1181 1459; x_wconf 82' lang='lat' dir='ltr'>Rufus</span> <span class='ocrx_word' id='word_1_173' title='bbox 1195 1418 1336 1467; x_wconf 82' lang='lat' dir='ltr'>Festus,</span> 
     </span>
     <span class='ocr_line' id='line_1_25' title="bbox 223 1471 1339 1529; baseline -0.003 -15"><span class='ocrx_word' id='word_1_174' title='bbox 223 1473 376 1514; x_wconf 83' lang='lat' dir='ltr'>Messala</span> <span class='ocrx_word' id='word_1_175' title='bbox 402 1474 610 1522; x_wconf 87' lang='lat' dir='ltr'>Corvinus,</span> <span class='ocrx_word' id='word_1_176' title='bbox 634 1474 850 1529; x_wconf 84' lang='lat' dir='ltr'>Eutropius,</span> <span class='ocrx_word' id='word_1_177' title='bbox 882 1474 1139 1518; x_wconf 76' lang='lat' dir='ltr'>Caffiodorus,</span> <span class='ocrx_word' id='word_1_178' title='bbox 1172 1473 1218 1513; x_wconf 87' lang='lat' dir='ltr'>C.</span> <span class='ocrx_word' id='word_1_179' title='bbox 1249 1471 1339 1512; x_wconf 84' lang='lat' dir='ltr'>Sue-</span> 
     </span>
     <span class='ocr_line' id='line_1_26' title="bbox 220 1527 1337 1582; baseline -0.001 -16"><span class='ocrx_word' id='word_1_180' title='bbox 220 1529 365 1575; x_wconf 87' lang='lat' dir='ltr'>tonius,</span> <span class='ocrx_word' id='word_1_181' title='bbox 401 1528 514 1568; x_wconf 81' lang='lat' dir='ltr'>}Elius</span> <span class='ocrx_word' id='word_1_182' title='bbox 539 1528 752 1582; x_wconf 84' lang='lat' dir='ltr'>Spartianus</span> <span class='ocrx_word' id='word_1_183' title='bbox 781 1543 868 1568; x_wconf 88' lang='lat' dir='ltr'>cum</span> <span class='ocrx_word' id='word_1_184' title='bbox 900 1528 1027 1575; x_wconf 88' lang='lat' dir='ltr'>sociis,</span> <span class='ocrx_word' id='word_1_185' title='bbox 1051 1528 1092 1568; x_wconf 89' lang='lat'>&amp;</span> <span class='ocrx_word' id='word_1_186' title='bbox 1119 1527 1337 1566; x_wconf 85' lang='lat' dir='ltr'>Ammianus</span> 
     </span>
     <span class='ocr_line' id='line_1_27' title="bbox 222 1581 1152 1622; baseline 0.005 -2"><span class='ocrx_word' id='word_1_187' title='bbox 222 1581 467 1622; x_wconf 85' lang='lat' dir='ltr'>Marcellinus.</span> <span class='ocrx_word' id='word_1_188' title='bbox 1150 1598 1152 1601; x_wconf 83' lang='grc'><strong><em>·</em></strong></span> 
     </span>
    </p>

    <p class='ocr_par' dir='ltr' id='par_1_6' title="bbox 67 1634 1335 1730">
     <span class='ocr_line' id='line_1_28' title="bbox 67 1634 1335 1689; baseline -0.003 -13"><span class='ocrx_word' id='word_1_189' title='bbox 67 1635 166 1689; x_wconf 78' lang='lat'><em>1652</em></span> <span class='ocrx_word' id='word_1_190' title='bbox 221 1635 397 1683; x_wconf 76' lang='lat' dir='ltr'>Londini,</span> <span class='ocrx_word' id='word_1_191' title='bbox 418 1634 483 1676; x_wconf 84' lang='lat' dir='ltr'>fol.</span> <span class='ocrx_word' id='word_1_192' title='bbox 508 1650 572 1689; x_wconf 85' lang='lat' dir='ltr'>per</span> <span class='ocrx_word' id='word_1_193' title='bbox 599 1635 708 1675; x_wconf 84' lang='lat' dir='ltr'>Rich.</span> <span class='ocrx_word' id='word_1_194' title='bbox 734 1634 929 1675; x_wconf 86' lang='lat' dir='ltr'>Twisden.</span> <span class='ocrx_word' id='word_1_195' title='bbox 953 1635 1140 1689; x_wconf 88' lang='lat' dir='ltr'>Repetitio</span> <span class='ocrx_word' id='word_1_196' title='bbox 1169 1634 1335 1674; x_wconf 83' lang='lat' dir='ltr'>editionis</span> 
     </span>
     <span class='ocr_line' id='line_1_29' title="bbox 222 1687 638 1730; baseline 0.007 -3"><span class='ocrx_word' id='word_1_197' title='bbox 222 1687 451 1727; x_wconf 82' lang='lat' dir='ltr'>Salmafianae</span> <span class='ocrx_word' id='word_1_198' title='bbox 474 1703 508 1729; x_wconf 88' lang='lat' dir='ltr'>a.</span> <span class='ocrx_word' id='word_1_199' title='bbox 527 1690 638 1730; x_wconf 82' lang='lat'>1620.</span> 
     </span>
    </p>

    <p class='ocr_par' dir='ltr' id='par_1_7' title="bbox 68 1741 1337 1943">
     <span class='ocr_line' id='line_1_30' title="bbox 68 1741 1337 1796; baseline -0.002 -14"><span class='ocrx_word' id='word_1_200' title='bbox 68 1741 164 1796; x_wconf 79' lang='lat'><em>1653</em></span> <span class='ocrx_word' id='word_1_201' title='bbox 223 1743 259 1780; x_wconf 81' lang='lat' dir='ltr'>in</span> <span class='ocrx_word' id='word_1_202' title='bbox 280 1742 493 1782; x_wconf 63' lang='lat' dir='ltr'>colleaffione</span> <span class='ocrx_word' id='word_1_203' title='bbox 515 1743 671 1782; x_wconf 85' lang='lat' dir='ltr'>historiae</span> <span class='ocrx_word' id='word_1_204' title='bbox 692 1742 872 1789; x_wconf 77' lang='lat' dir='ltr'>Romanae</span> <span class='ocrx_word' id='word_1_205' title='bbox 889 1742 1116 1795; x_wconf 85' lang='lat' dir='ltr'>Scriptorum</span> <span class='ocrx_word' id='word_1_206' title='bbox 1138 1742 1216 1781; x_wconf 87' lang='lat' dir='ltr'>Lat.</span> <span class='ocrx_word' id='word_1_207' title='bbox 1234 1754 1337 1780; x_wconf 80' lang='lat' dir='ltr'>vete-</span> 
     </span>
     <span class='ocr_line' id='line_1_31' title="bbox 224 1794 1336 1849; baseline -0.002 -15"><span class='ocrx_word' id='word_1_208' title='bbox 224 1810 326 1842; x_wconf 79' lang='lat' dir='ltr'>rum,</span> <span class='ocrx_word' id='word_1_209' title='bbox 347 1798 408 1849; x_wconf 89' lang='lat' dir='ltr'>qui</span> <span class='ocrx_word' id='word_1_210' title='bbox 433 1796 593 1843; x_wconf 87' lang='lat' dir='ltr'>exstant,</span> <span class='ocrx_word' id='word_1_211' title='bbox 612 1798 777 1835; x_wconf 86' lang='lat' dir='ltr'>omnium</span> <span class='ocrx_word' id='word_1_212' title='bbox 792 1827 805 1845; x_wconf 93' lang='lat'><strong>‚</strong></span> <span class='ocrx_word' id='word_1_213' title='bbox 830 1796 998 1836; x_wconf 80' lang='lat' dir='ltr'>Genevae</span> <span class='ocrx_word' id='word_1_214' title='bbox 1027 1796 1119 1834; x_wconf 52' lang='lat' dir='ltr'>fasta</span> <span class='ocrx_word' id='word_1_215' title='bbox 1134 1795 1183 1835; x_wconf 91' lang='lat' dir='ltr'>T.</span> <span class='ocrx_word' id='word_1_216' title='bbox 1201 1795 1246 1834; x_wconf 86' lang='grc' dir='ltr'>ΙΙ.</span> <span class='ocrx_word' id='word_1_217' title='bbox 1263 1794 1336 1833; x_wconf 79' lang='lat' dir='ltr'>Sed</span> 
     </span>
     <span class='ocr_line' id='line_1_32' title="bbox 221 1850 1336 1905; baseline -0.001 -17"><span class='ocrx_word' id='word_1_218' title='bbox 221 1863 340 1902; x_wconf 87' lang='lat' dir='ltr'>neque</span> <span class='ocrx_word' id='word_1_219' title='bbox 362 1851 476 1888; x_wconf 89' lang='lat' dir='ltr'>nitore</span> <span class='ocrx_word' id='word_1_220' title='bbox 498 1864 614 1905; x_wconf 84' lang='lat' dir='ltr'>neque</span> <span class='ocrx_word' id='word_1_221' title='bbox 630 1851 863 1892; x_wconf 76' lang='lat' dir='ltr'>accuratione</span> <span class='ocrx_word' id='word_1_222' title='bbox 881 1850 1047 1891; x_wconf 60' lang='lat' dir='ltr'>collefilio</span> <span class='ocrx_word' id='word_1_223' title='bbox 1065 1851 1123 1889; x_wconf 84' lang='lat' dir='ltr'>illa</span> <span class='ocrx_word' id='word_1_224' title='bbox 1147 1850 1219 1889; x_wconf 86' lang='lat' dir='ltr'>sese</span> <span class='ocrx_word' id='word_1_225' title='bbox 1237 1863 1336 1889; x_wconf 80' lang='lat' dir='ltr'>com-=</span> 
     </span>
     <span class='ocr_line' id='line_1_33' title="bbox 222 1903 572 1943; baseline 0 -1"><span class='ocrx_word' id='word_1_226' title='bbox 222 1903 395 1943; x_wconf 86' lang='lat' dir='ltr'>mendare</span> <span class='ocrx_word' id='word_1_227' title='bbox 415 1903 572 1943; x_wconf 79' lang='lat' dir='ltr'>videtur.</span> 
     </span>
    </p>

    <p class='ocr_par' dir='ltr' id='par_1_8' title="bbox 66 1955 1336 2104">
     <span class='ocr_line' id='line_1_34' title="bbox 66 1955 1336 2008; baseline -0.002 -12"><span class='ocrx_word' id='word_1_228' title='bbox 66 1955 164 1998; x_wconf 80' lang='lat'>1661</span> <span class='ocrx_word' id='word_1_229' title='bbox 224 1958 386 2008; x_wconf 76' lang='lat' dir='ltr'>Lugduni</span> <span class='ocrx_word' id='word_1_230' title='bbox 415 1958 500 1996; x_wconf 81' lang='lat' dir='ltr'>Bar.</span> <span class='ocrx_word' id='word_1_231' title='bbox 539 1957 577 1996; x_wconf 88' lang='lat'>8.</span> <span class='ocrx_word' id='word_1_232' title='bbox 613 1967 760 1996; x_wconf 83' lang='lat' dir='ltr'>curante</span> <span class='ocrx_word' id='word_1_233' title='bbox 789 1957 964 1998; x_wconf 83' lang='lat' dir='ltr'>Cornelio</span> <span class='ocrx_word' id='word_1_234' title='bbox 997 1957 1217 2004; x_wconf 74' lang='lat' dir='ltr'>Schrevelio‚</span> <span class='ocrx_word' id='word_1_235' title='bbox 1251 1969 1336 1994; x_wconf 86' lang='lat' dir='ltr'>cum</span> 
     </span>
     <span class='ocr_line' id='line_1_35' title="bbox 203 2010 1335 2064; baseline 0 -15"><span class='ocrx_word' id='word_1_236' title='bbox 203 2012 514 2051; x_wconf 59' lang='lat' dir='ltr'>annotationibus</span> <span class='ocrx_word' id='word_1_237' title='bbox 549 2012 728 2064; x_wconf 80' lang='lat' dir='ltr'>excerptis</span> <span class='ocrx_word' id='word_1_238' title='bbox 758 2025 778 2050; x_wconf 91' lang='lat' dir='ltr'>e</span> <span class='ocrx_word' id='word_1_239' title='bbox 817 2011 1007 2061; x_wconf 83' lang='lat' dir='ltr'>Grutero,</span> <span class='ocrx_word' id='word_1_240' title='bbox 1044 2012 1264 2052; x_wconf 75' lang='lat' dir='ltr'>casaubono</span> <span class='ocrx_word' id='word_1_241' title='bbox 1294 2010 1335 2049; x_wconf 86' lang='lat'>&amp;</span> 
     </span>
     <span class='ocr_line' id='line_1_36' title="bbox 218 2063 405 2104; baseline 0.005 -1"><span class='ocrx_word' id='word_1_242' title='bbox 218 2063 405 2104; x_wconf 78' lang='lat' dir='ltr'>salmasio.</span> 
     </span>
    </p>

    <p class='ocr_par' dir='ltr' id='par_1_9' title="bbox 68 2116 1335 2171">
     <span class='ocr_line' id='line_1_37' title="bbox 68 2116 1335 2171; baseline -0.002 -13"><span class='ocrx_word' id='word_1_243' title='bbox 68 2119 160 2171; x_wconf 87' lang='lat'>1671</span> <span class='ocrx_word' id='word_1_244' title='bbox 221 2120 383 2171; x_wconf 77' lang='lat' dir='ltr'>Lugduni</span> <span class='ocrx_word' id='word_1_245' title='bbox 404 2120 491 2158; x_wconf 70' lang='lat' dir='ltr'>B-rt.</span> <span class='ocrx_word' id='word_1_246' title='bbox 514 2118 549 2158; x_wconf 87' lang='lat'>8.</span> <span class='ocrx_word' id='word_1_247' title='bbox 583 2132 626 2158; x_wconf 88' lang='lat' dir='ltr'>ex</span> <span class='ocrx_word' id='word_1_248' title='bbox 650 2118 749 2159; x_wconf 87' lang='lat' dir='ltr'>offic.</span> <span class='ocrx_word' id='word_1_249' title='bbox 776 2119 978 2158; x_wconf 80' lang='lat' dir='ltr'>Hackiana.</span> <span class='ocrx_word' id='word_1_250' title='bbox 1002 2133 1024 2158; x_wconf 89' lang='lat'><em>2</em></span> <span class='ocrx_word' id='word_1_251' title='bbox 1052 2119 1140 2158; x_wconf 89' lang='lat' dir='ltr'>voll.</span> <span class='ocrx_word' id='word_1_252' title='bbox 1164 2116 1335 2157; x_wconf 82' lang='lat' dir='ltr'>Historiae</span> 
     </span>
    </p>

    <p class='ocr_par' dir='ltr' id='par_1_10' title="bbox 133 2170 1337 2496">
     <span class='ocr_line' id='line_1_38' title="bbox 133 2170 1337 2225; baseline -0.002 -14"><span class='ocrx_word' id='word_1_253' title='bbox 133 2174 139 2176; x_wconf 65' lang='grc'><em>“</em></span> <span class='ocrx_word' id='word_1_254' title='bbox 221 2172 395 2225; x_wconf 82' lang='lat' dir='ltr'>Augustae</span> <span class='ocrx_word' id='word_1_255' title='bbox 416 2171 616 2224; x_wconf 84' lang='lat' dir='ltr'>Scriptores</span> <span class='ocrx_word' id='word_1_256' title='bbox 639 2173 720 2221; x_wconf 84' lang='lat' dir='ltr'>sex,</span> <span class='ocrx_word' id='word_1_257' title='bbox 746 2187 830 2212; x_wconf 88' lang='lat' dir='ltr'>cum</span> <span class='ocrx_word' id='word_1_258' title='bbox 854 2173 999 2225; x_wconf 80' lang='lat' dir='ltr'>integris</span> <span class='ocrx_word' id='word_1_259' title='bbox 1021 2176 1117 2211; x_wconf 89' lang='lat' dir='ltr'>notis</span> <span class='ocrx_word' id='word_1_260' title='bbox 1140 2171 1184 2211; x_wconf 86' lang='lat' dir='ltr'>Is.</span> <span class='ocrx_word' id='word_1_261' title='bbox 1200 2170 1337 2209; x_wconf 74' lang='lat' dir='ltr'>Casan-</span> 
     </span>
     <span class='ocr_line' id='line_1_39' title="bbox 219 2225 1335 2274; baseline -0.001 -10"><span class='ocrx_word' id='word_1_262' title='bbox 219 2227 330 2273; x_wconf 90' lang='lat' dir='ltr'>boni,</span> <span class='ocrx_word' id='word_1_263' title='bbox 358 2226 416 2265; x_wconf 88' lang='lat' dir='ltr'>Cl.</span> <span class='ocrx_word' id='word_1_264' title='bbox 443 2225 630 2273; x_wconf 76' lang='lat' dir='ltr'>salmasii,</span> <span class='ocrx_word' id='word_1_265' title='bbox 661 2228 701 2265; x_wconf 69' lang='grc' dir='ltr'>ὃ(</span> <span class='ocrx_word' id='word_1_266' title='bbox 727 2227 809 2274; x_wconf 82' lang='lat' dir='ltr'>,Iani</span> <span class='ocrx_word' id='word_1_267' title='bbox 837 2226 999 2266; x_wconf 83' lang='lat' dir='ltr'>Gruteri.</span> <span class='ocrx_word' id='word_1_268' title='bbox 1032 2226 1130 2265; x_wconf 89' lang='lat' dir='ltr'>Cum</span> <span class='ocrx_word' id='word_1_269' title='bbox 1159 2225 1335 2263; x_wconf 88' lang='lat' dir='ltr'>indicibus</span> 
     </span>
     <span class='ocr_line' id='line_1_40' title="bbox 220 2278 1334 2331; baseline 0.002 -14"><span class='ocrx_word' id='word_1_270' title='bbox 220 2278 507 2331; x_wconf 84' lang='lat' dir='ltr'>locupletiffimis</span> <span class='ocrx_word' id='word_1_271' title='bbox 529 2294 650 2319; x_wconf 88' lang='lat' dir='ltr'>rerum</span> <span class='ocrx_word' id='word_1_272' title='bbox 671 2281 712 2319; x_wconf 92' lang='lat'>&amp;</span> <span class='ocrx_word' id='word_1_273' title='bbox 734 2281 948 2320; x_wconf 86' lang='lat' dir='ltr'>verborum.</span> <span class='ocrx_word' id='word_1_274' title='bbox 967 2302 1012 2309; x_wconf 89' lang='lat'>—-</span> <span class='ocrx_word' id='word_1_275' title='bbox 1036 2279 1159 2318; x_wconf 87' lang='lat' dir='ltr'>Editio</span> <span class='ocrx_word' id='word_1_276' title='bbox 1176 2278 1334 2331; x_wconf 78' lang='lat' dir='ltr'>eleganS.</span> 
     </span>
     <span class='ocr_line' id='line_1_41' title="bbox 219 2331 1335 2386; baseline -0.002 -14"><span class='ocrx_word' id='word_1_277' title='bbox 219 2332 293 2372; x_wconf 85' lang='lat' dir='ltr'>Sed</span> <span class='ocrx_word' id='word_1_278' title='bbox 325 2333 447 2371; x_wconf 81' lang='lat' dir='ltr'>nescio</span> <span class='ocrx_word' id='word_1_279' title='bbox 471 2347 581 2386; x_wconf 87' lang='lat' dir='ltr'>quare</span> <span class='ocrx_word' id='word_1_280' title='bbox 614 2334 687 2372; x_wconf 89' lang='lat' dir='ltr'>hoc</span> <span class='ocrx_word' id='word_1_281' title='bbox 715 2348 906 2386; x_wconf 85' lang='lat' dir='ltr'>peccatum</span> <span class='ocrx_word' id='word_1_282' title='bbox 933 2332 1007 2382; x_wconf 88' lang='lat' dir='ltr'>est,</span> <span class='ocrx_word' id='word_1_283' title='bbox 1033 2346 1073 2370; x_wconf 89' lang='lat' dir='ltr'>ut</span> <span class='ocrx_word' id='word_1_284' title='bbox 1103 2331 1335 2385; x_wconf 64' lang='lat' dir='ltr'>praefationes</span> 
     </span>
     <span class='ocr_line' id='line_1_42' title="bbox 221 2386 1333 2438; baseline -0.001 -13"><span class='ocrx_word' id='word_1_285' title='bbox 221 2387 354 2425; x_wconf 84' lang='lat' dir='ltr'>horum</span> <span class='ocrx_word' id='word_1_286' title='bbox 383 2388 661 2426; x_wconf 82' lang='lat' dir='ltr'>triumvirorum</span> <span class='ocrx_word' id='word_1_287' title='bbox 694 2389 970 2434; x_wconf 81' lang='lat' dir='ltr'>omitterentur,</span> <span class='ocrx_word' id='word_1_288' title='bbox 1005 2387 1042 2424; x_wconf 86' lang='lat' dir='ltr'>in</span> <span class='ocrx_word' id='word_1_289' title='bbox 1069 2387 1202 2438; x_wconf 88' lang='lat' dir='ltr'>quibus</span> <span class='ocrx_word' id='word_1_290' title='bbox 1231 2386 1333 2438; x_wconf 79' lang='lat' dir='ltr'>plura</span> 
     </span>
     <span class='ocr_line' id='line_1_43' title="bbox 224 2440 1334 2496; baseline -0.003 -15"><span class='ocrx_word' id='word_1_291' title='bbox 224 2440 302 2481; x_wconf 75' lang='lat' dir='ltr'>sunt</span> <span class='ocrx_word' id='word_1_292' title='bbox 322 2440 515 2482; x_wconf 72' lang='lat' dir='ltr'>necessaria</span> <span class='ocrx_word' id='word_1_293' title='bbox 539 2442 581 2483; x_wconf 72' lang='grc' dir='ltr'>ὅ(</span> <span class='ocrx_word' id='word_1_294' title='bbox 605 2441 701 2481; x_wconf 77' lang='lat' dir='ltr'>utilia</span> <span class='ocrx_word' id='word_1_295' title='bbox 725 2443 781 2490; x_wconf 88' lang='lat' dir='ltr'>ei,</span> <span class='ocrx_word' id='word_1_296' title='bbox 806 2444 869 2496; x_wconf 85' lang='lat' dir='ltr'>qui</span> <span class='ocrx_word' id='word_1_297' title='bbox 901 2441 969 2480; x_wconf 81' lang='lat' dir='ltr'>hos</span> <span class='ocrx_word' id='word_1_298' title='bbox 997 2440 1189 2494; x_wconf 74' lang='lat' dir='ltr'>scriptores</span> <span class='ocrx_word' id='word_1_299' title='bbox 1216 2440 1334 2484; x_wconf 54' lang='lat' dir='ltr'>curio-q</span> 
     </span>
    </p>
   </div>
  </div>
 </body>
</html>
