1637 2785
380 161 1019 209 HADRIANUS.
1275 173 1330 223 25

55 276 191 336 sarem
219 269 466 333 appellavit.
493 269 570 316 Ob
595 268 720 328 cujus
751 269 1044 330 adoptionem
1076 268 1206 316 ludos
1232 269 1336 316 Cir-

65 345 209 393 censes
227 342 343 389 dedit
357 377 370 398 ,
393 343 442 387 &
461 340 730 387 donativum
753 341 927 403 populo
947 358 996 387 ac
1017 341 1232 387 militibus
1254 358 1338 387 ex·-

63 415 225 479 pendit.
244 429 374 476 quem
395 414 591 459 Praetura
609 411 785 458 honora
795 413 883 470 vit,
904 429 956 459 ac
982 412 1124 459 statim
1154 414 1338 459 Panno-

65 487 145 534 niis
182 484 423 547 imposuit;
465 486 647 531 decreto
685 483 925 532 consulatu
962 501 1064 532 cum
1111 485 1345 534 sumtibus:

63 558 247 605 eundem
268 558 575 604 Commodum
601 557 843 605 secundum
869 557 1111 605 Consulem
1138 558 1339 622 designa-

64 631 144 678 vit.
167 632 313 690 Quem
332 647 431 677 cum
449 631 596 678 minus
625 630 775 678 sanum
798 631 1002 689 videret,
1025 631 1253 694 saepiflime
1276 634 1342 679 di·
1387 673 1392 679 .

64 703 326 751 &itavitnln
346 707 542 750 caducum
550 706 746 765 parietem
770 723 846 750 nos
864 708 1178 760 inclinavimus,
1194 704 1236 750 G·
1250 724 1344 764 per-

63 779 246 824 didimus
272 794 414 839 quater
437 781 588 824 millies
606 779 826 844 fistertium
847 813 860 836 ‚
892 781 1005 841 quod
1013 781 1167 840 populo
1194 776 1236 823 δ’
1257 782 1343 823 mi-

65 853 207 895 litibus
226 869 306 911 pro
337 853 563 912 adoptione
590 854 807 897 Commodi
825 854 1029 898 dedimus.
1056 850 1342 897 Commodus

65 935 210 967 autem
244 940 336 984 prae
366 923 654 979 valetudine,
688 941 771 972 nec
804 923 962 987 gratias
990 922 1168 988 quidem
1198 923 1242 969 in
1277 924 1345 969 se-

67 1008 171 1041 natu
198 1013 323 1059 agere
344 996 490 1058 potuit
517 997 744 1043 Hadriano
766 998 820 1044 de
840 998 1101 1061 adoptione.
1121 997 1312 1059 denique
1331 1031 1348 1054 ,

65 1081 249 1131 accepto
282 1068 441 1133 largius
478 1068 687 1114 antidoto
708 1104 722 1125 ,
749 1068 1087 1131 ingravescente
1119 1067 1347 1113 valetudi-

68 1160 123 1189 ne
143 1179 157 1202 ‚
186 1160 262 1206 per
299 1143 501 1190 somnum
533 1142 700 1204 periit,
732 1143 831 1207 ipsis
865 1142 1083 1190 Kalendis
1117 1141 1349 1190 Januariis.

67 1233 204 1280 quare
222 1217 277 1262 ab
292 1216 521 1263 Hadriano
538 1228 758 1262 votorum
780 1216 906 1263 causa
926 1214 1066 1278 lugeri
1087 1214 1147 1261 est
1167 1214 1350 1262 vetitus.

131 1290 303 1336 XXIV.
331 1290 415 1336 Sed
437 1300 622 1336 mortuo
647 1289 768 1336 AElio
790 1293 914 1337 Vero
940 1289 1139 1347 Caesare,
1160 1289 1349 1336 Hadria·
1404 1301 1407 1304 ·

68 1377 149 1408 nus
162 1397 177 1417 ,
197 1361 432 1424 ingruente
452 1359 685 1407 tristissima
707 1361 991 1415 valetudine,
1010 1361 1245 1422 adoptavit
1263 1362 1350 1406 Ar-

68 1434 181 1480 rium
204 1434 511 1493 Antoninum,
539 1435 615 1497 qui
639 1433 789 1496 postea
807 1435 909 1481 Pius
930 1433 1067 1480 dietus
1094 1433 1154 1480 est
1175 1451 1186 1480 :
1208 1432 1277 1478 sed
1298 1436 1349 1480 ea

69 1508 245 1553 demum
280 1507 401 1570 lege,
433 1520 481 1554 ut
508 1507 583 1554 ille
620 1507 699 1554 fibi
724 1508 837 1554 duos
866 1508 1128 1570 adoptaret,
1152 1506 1348 1552 Annium

69 1583 240 1627 Verum
260 1582 309 1627 &
328 1582 532 1627 Marcum
554 1580 854 1628 Antoninum.
873 1580 931 1626 Hi
955 1580 1078 1637 sunt,
1098 1580 1174 1642 qui
1195 1579 1349 1642 postea

70 1654 164 1700 duo
184 1654 347 1717 pariter
369 1654 552 1718 Augusti
580 1653 710 1716 primi
729 1653 1045 1716 rempublicam
1063 1653 1350 1717 gubernave-

69 1740 190 1775 runt.
227 1728 485 1774 Antoninus
528 1729 707 1792 quidem
748 1730 857 1775 Pius
901 1727 1071 1775 idcirco
1104 1726 1351 1789 appellatus

73 1798 239 1844 dicitur
259 1833 272 1855 ‚
300 1798 424 1860 quod
467 1797 668 1844 socerum
703 1796 855 1843 fessum
894 1809 1020 1844 aetate
1048 1814 1178 1843 manu
1209 1796 1354 1842 suble-

69 1871 211 1918 varit:
232 1869 436 1934 quamvis
458 1871 532 1917 alii
561 1883 912 1934 cognomentum
937 1870 1025 1918 hoc
1048 1871 1089 1916 ei
1107 1870 1255 1917 dicant
1277 1870 1353 1914 in-·

69 1943 215 1990 ditum
233 1979 245 2000 ,
274 1943 398 2006 quod
426 1942 591 1990 multos
628 1942 850 1991 senatores
891 1942 1119 2007 Hadriano
1144 1942 1231 2003 jam
1268 1940 1351 1986 sae-

70 2018 214 2064 vienti
243 2017 494 2080 eripuiffet3
524 2016 630 2075 alii,
654 2017 778 2079 quod
804 2016 882 2079 ipsi
909 2017 1140 2063 Hadriano
1160 2030 1350 2079 magnos

72 2093 271 2140 honores
299 2092 400 2154 post
425 2104 617 2139 mortem
642 2092 871 2139 detulisset.
890 2092 1112 2138 Antonini
1139 2090 1352 2153 adoptio-

72 2180 176 2211 nem
202 2162 378 2225 plurimi
401 2175 512 2211 tunc
535 2163 690 2210 fastam
717 2163 801 2211 esse
821 2163 1090 2218 doluerunt;
1123 2162 1349 2224 speciatim

72 2237 259 2285 Catilius
288 2239 504 2297 Severus,
531 2237 761 2301 praefefilus
793 2237 1051 2298 Urbis‚qui
1075 2237 1149 2280 fibi
1175 2248 1351 2297 praepa÷

73 2311 199 2357 rabat
228 2310 477 2372 imperium.
509 2303 596 2374 qtia
625 2328 672 2357 re
704 2311 881 2373 prodita
901 2344 915 2367 ‚
944 2308 1187 2355 fitccefforc
1217 2320 1353 2357 acce-2

75 2396 182 2445 pto,
202 2383 414 2446 dignitate
433 2385 634 2445 privatus
654 2384 728 2431 est.
743 2383 987 2432 Hadrianus
1005 2393 1168 2437 autem,
1188 2379 1351 2426 ultimo

75 2453 184 2505 vitae
209 2453 346 2503 taedio
372 2453 461 2518 jam
482 2454 680 2516 affefius,
709 2454 858 2521 gladio
886 2452 935 2503 se.
951 2449 1148 2515 transfigi
1168 2467 1193 2498 a
1216 2450 1349 2500 servo
