1714 2807
339 122 399 166 65
589 118 803 163 JULll
855 116 1354 161 CAPITOLINI

338 219 546 268 conditio
573 236 622 267 ac
652 218 839 283 dignitas
867 218 1016 272 dedit;
1041 217 1117 264 nisi
1134 255 1149 274 ‚
1173 219 1297 281 quod
1326 217 1456 265 etiam
1487 216 1616 266 sacri-

337 293 460 353 legus
489 289 709 351 judicatus
743 291 834 348 est,
862 292 940 354 qui
973 291 1066 349 ejus
1098 290 1333 354 imaginem
1364 291 1410 337 in
1436 291 1509 337 sua
1535 290 1617 337 do-

337 382 418 411 mo
447 380 541 410 non
569 364 747 420 habuit,
778 363 865 425 qui,
885 380 962 425 per
994 363 1222 410 fortunam
1255 364 1328 410 vel
1361 363 1508 426 potuit
1536 363 1615 410 ha-

337 439 441 484 bere
458 472 471 493 ,
501 437 575 483 vel
607 436 771 483 debuit.
795 436 1013 499 Denique
1038 432 1262 499 hodieque
1288 436 1332 482 in
1358 437 1509 483 multis
1537 437 1617 483 do-

337 512 483 558 mibus
505 510 645 556 Marci
673 509 895 555 Antonini
916 509 1066 555 statuae
1090 510 1334 557 consistunt
1354 509 1467 557 inter
1486 511 1615 556 Deos

338 597 541 647 penates:
565 599 647 629 nec
673 581 908 628 defuerunt
935 581 1167 639 homines,
1186 582 1290 645 qui,
1309 583 1491 629 somniis
1513 599 1614 629 eum

335 656 473 702 multa
507 652 750 716 praedixisse
779 667 1067 715 augurantes,
1099 653 1249 700 futura
1283 655 1332 701 &
1361 670 1468 700 vera
1498 670 1613 700 con-

335 728 586 775 cinuerunt.
615 726 748 773 Unde
790 726 920 773 etiam
960 727 1174 789 templum
1212 727 1252 774 ei
1291 726 1616 785 constitutum,

334 802 424 848 dati
443 800 690 847 sacerdotes
710 799 1029 855 Antoniniani,
1050 801 1097 846 δι
1122 798 1307 858 sodales,
1329 802 1377 849 ὅ(
1396 800 1613 860 flamineS,

334 878 384 922 &
413 874 711 936 omnia,quae
740 873 794 920 de
822 872 992 919 sacratis
1018 872 1218 920 decrevit
1248 873 1497 935 antiquitas.

387 949 510 994 XIX.
529 946 672 1005 Aiunt
691 946 886 1009 quidam,
909 944 1060 1009 (quod
1076 946 1124 992 &
1147 945 1382 993 verisimile
1408 944 1612 1010 videtur)

335 1021 645 1067 Commodum
668 1019 981 1076 Antoninum,
1014 1018 1304 1066 successorem
1335 1017 1454 1064 illius
1480 1036 1531 1066 ac
1559 1017 1615 1063 fi-

333 1092 473 1148 lium,
505 1109 598 1138 non
622 1090 705 1137 effe
736 1092 789 1137 de
817 1107 873 1137 eo
906 1103 1087 1147 natum,
1116 1090 1187 1136 sed
1212 1091 1265 1136 de
1292 1089 1615 1145 adulterim-ac

331 1166 466 1210 talem
504 1164 709 1210 fabellam
746 1163 919 1226 vulgari
953 1162 1157 1209 sermone
1196 1172 1476 1217 contexunt,
1504 1163 1614 1207 Fau-

331 1234 484 1278 stinam
520 1232 777 1294 quondam,
810 1232 874 1276 Pii
907 1230 1068 1287 filiam,
1097 1229 1241 1275 Marci
1268 1246 1480 1287 uxorem,
1511 1248 1612 1278 cum

331 1305 601 1368 gladiatores
639 1305 821 1350 transire
861 1303 1064 1360 vidisset,
1103 1302 1236 1350 unius
1270 1320 1322 1348 ex
1359 1303 1424 1349 his
1458 1321 1612 1351 amore

331 1376 608 1434 succensam,
646 1392 746 1422 cum
778 1375 913 1438 longa
937 1375 1200 1438 aegritudine
1229 1376 1477 1434 laboraret,
1508 1378 1612 1423 viro

331 1451 385 1496 de
410 1466 564 1495 amore
590 1447 827 1496 confessam
845 1466 855 1494 :
872 1449 996 1511 quod
1026 1465 1126 1498 cum
1151 1448 1204 1494 ad
1224 1449 1466 1495 Chaldaeos
1492 1450 1610 1496 Mar-

331 1542 408 1571 cus
439 1522 680 1580 retulisset,
704 1522 890 1568 illorum
919 1521 1042 1568 fuisse
1067 1522 1327 1581 consilium,
1358 1538 1407 1569 ut
1424 1523 1612 1579 ,occiso

329 1596 602 1662 gladiatore,
619 1594 830 1658 sanguine
855 1593 974 1640 illius
994 1593 1080 1640 sese
1102 1593 1304 1640 Faustina
1332 1593 1611 1654 sublavaret,

330 1683 462 1730 atque
490 1668 549 1714 ita
581 1685 681 1714 cum
712 1667 816 1712 viro
856 1667 1192 1714 concumberet.
1219 1666 1343 1728 quod
1376 1683 1476 1714 cum
1507 1668 1612 1715 esset

331 1743 492 1789 fastum
506 1779 520 1800 ‚
533 1743 724 1788 solutum
739 1741 917 1805 quidem
935 1759 1133 1788 amorem
1146 1776 1160 1797 ,
1177 1754 1327 1788 natum
1346 1759 1458 1789 vero
1476 1743 1613 1790 Com·

330 1817 518 1863 modum
543 1815 832 1879 gladiatorem
863 1815 947 1861 effe
963 1851 976 1873 ,
998 1831 1092 1861 non
1116 1815 1394 1876 Principem;
1417 1816 1491 1878 qui
1512 1815 1610 1862 mil-

324 1891 366 1936 le
385 1906 526 1951 prope
547 1906 714 1951 pugnas
729 1889 922 1950 publice,
938 1888 1110 1950 populo
1131 1887 1401 1948 inspefitante
1416 1924 1428 1945 ,
1445 1889 1610 1951 gladia-

328 1963 467 2009 torias
491 1964 738 2023 Imperator
765 1961 1002 2016 exhibuit,
1025 1975 1075 2006 ut
1107 1960 1152 2005 in
1183 1961 1275 2006 vita
1304 1960 1396 2020 ejus
1423 1961 1608 2007 docebi-

326 2049 413 2083 tur.
441 2037 580 2096 Quod
605 2036 783 2096 quidem
814 2034 1053 2081 verisimile
1082 2052 1135 2081 ex
1161 2051 1217 2081 eo
1247 2035 1459 2094 habetur,
1484 2036 1609 2098 quod

326 2121 416 2154 tam
442 2108 576 2154 sanffi
603 2108 820 2169 Principis
850 2107 967 2153 filius
992 2107 1058 2153 bis
1086 2107 1285 2153 moribus
1309 2107 1420 2165 fuit,
1448 2109 1609 2171 quibus

329 2180 476 2225 nullus
518 2179 697 2236 lanista,
733 2180 876 2225 nullus
911 2179 1130 2235 scenicus,
1169 2180 1315 2226 nullus
1351 2181 1608 2239 arenarius,

326 2251 477 2298 nullus
495 2251 721 2313 postremo
741 2268 794 2297 ex
811 2250 1012 2296 omnium
1031 2251 1301 2297 dedecorum
1322 2268 1372 2298 ac
1396 2251 1606 2298 scelerum

327 2324 595 2371 colluvione
616 2338 868 2370 concretus.
883 2324 1173 2369 Multiautem
1205 2323 1607 2380 ferunt,C0mmo-

323 2397 433 2445 dum
464 2396 658 2446 omnino
691 2413 749 2444 ex
776 2396 997 2445 adulterio
1032 2410 1218 2444 natum:
1250 2397 1462 2461 siquidem
1494 2400 1603 2445 Fau-
