1637 2785
254 155 511 206 mvus
557 155 1118 204 AUREL1ANus.
1261 153 1348 220 ,ες

56 262 235 311 invidia.
260 263 451 308 Probata
481 259 543 307 est
573 260 784 307 sententia
812 259 990 307 Taciti:
1016 271 1212 306 attamen
1243 275 1351 306 cum

58 336 222 382 iterum
254 348 392 395 atque,
420 334 580 378 iterum
606 334 883 391 mitteretur,
902 349 956 379 ex
990 332 1354 380 senatusconsuk

59 423 110 455 to
125 444 140 467 ,
165 408 290 470 quod
310 408 356 452 in
375 404 523 452 Taciti
551 405 645 451 vita
671 406 899 464 dicemus,
919 407 1102 455 Tacitus
1127 406 1266 455 factus
1288 406 1354 454 est

58 484 322 541 Imperator.

124 555 261 600 XLII.
282 551 546 599 Aurelianus
564 549 700 598 filiam
730 551 869 599 solam
890 551 1095 616 reliquit,
1113 551 1241 614 cujus
1269 569 1354 614 po·

59 627 161 673 steri
192 627 324 672 etiarn
361 643 485 672 nunc
518 626 679 672 Roma:
713 624 827 672 sunt.
864 625 1132 671 Aurelianus
1162 641 1355 686 namque

59 698 312 779 Procopsul
344 698 545 755 Ciliciae,
576 699 768 744 Senator
797 697 1022 760 optimus,
1049 696 1112 742 sui
1147 713 1255 742 vere
1286 696 1356 756 ju-

59 773 122 819 ris
152 772 351 836 vitaeque
384 772 682 828 venerabilis,
713 772 791 834 qui
819 789 942 819 nunc
969 771 1013 817 in
1036 771 1189 818 Sicilia
1210 772 1355 818 vitam

61 845 175 910 agit,
205 845 301 905 ejus
324 845 384 892 est
407 861 562 906 nepos.
585 846 709 903 Quid
731 845 818 891 hoc
840 844 925 891 effe
940 843 1084 891 dicam
1101 878 1114 901 ,
1133 856 1222 890 tam
1244 860 1357 905 pau-

61 934 142 966 cos
174 919 324 964 bonos
358 916 565 963 exstitiffe
600 916 854 978 Principes,
887 933 989 963 cum
1023 915 1109 976 jam
1145 928 1215 961 tot
1248 915 1357 961 (3ae-

62 990 174 1036 sares
193 990 382 1036 fuerint:
407 1007 510 1036 nam
533 990 588 1035 ab
608 990 808 1052 Augusto
828 990 873 1035 in
892 988 1233 1036 Diocletianum
1255 989 1358 1035 Ma-

62 1064 406 1126 ximianumque
434 1064 686 1124 Principes,
718 1080 819 1126 quae
849 1062 978 1109 series
1004 1075 1356 1124 purpuratorum

62 1139 142 1193 iit,
180 1137 315 1182 index
353 1136 557 1196 publicus
585 1149 719 1181 tenet.
749 1136 833 1181 Sed
867 1135 911 1180 in
946 1135 1014 1181 his
1046 1136 1232 1196 optimi,
1265 1134 1357 1196 ipse

63 1211 306 1273 Augustus,
328 1208 506 1256 Flavius
526 1209 817 1271 Vespasianus
831 1244 844 1267 ,
864 1209 1042 1256 Flavius
1059 1210 1188 1256 Titus
1203 1245 1215 1267 ,
1235 1210 1358 1256 Coc-

63 1283 184 1344 cejus
209 1284 390 1338 Nerva,
427 1283 585 1330 Divus
616 1281 864 1343 Trajanus‚
895 1282 1050 1329 Divus
1080 1282 1356 1340 Hadrianus,

61 1359 167 1407 Pius
196 1360 244 1405 &
277 1359 458 1403 Marcus
489 1355 739 1414 Antonini,
770 1357 962 1403 Severus
989 1355 1124 1412 Afer,
1151 1355 1357 1400 Alexan-

61 1432 141 1477 der
159 1432 436 1486 Mammaeae,
452 1430 604 1477 Divus
626 1429 736 1476 Clau
746 1430 841 1475 dius
861 1464 874 1487 ,
894 1431 942 1475 ὅ(
971 1429 1121 1475 Divus
1147 1426 1357 1474 Aurelia-

64 1520 164 1550 nus.
191 1504 451 1551 Valerianus
471 1504 589 1550 enim
610 1519 710 1550 cum
734 1502 936 1563 optimus
954 1501 1117 1559 fuerit,
1137 1502 1191 1547 ab
1207 1499 1356 1546 omni-

62 1577 146 1623 bus
167 1575 326 1623 infelix
348 1577 569 1639 apparuit.
593 1576 757 1628 Vides,
773 1575 951 1636 quaeso,
970 1591 1105 1638 quam
1123 1573 1253 1636 pauci
1274 1572 1358 1624 fint

62 1651 296 1712 Principes
324 1650 464 1707 boni,
491 1662 538 1695 ut
566 1651 679 1695 bene
711 1649 874 1694 dictum
905 1647 955 1694 sit
989 1665 1015 1694 a
1041 1649 1238 1710 quodam
1269 1649 1357 1694 mi-

63 1725 188 1771 mico
209 1724 355 1770 scurra
380 1721 560 1768 Claudii
584 1719 713 1780 hujus
729 1721 1038 1782 temporibus,
1057 1723 1113 1767 In
1139 1739 1223 1766 uno
1245 1739 1358 1767 arzu-

63 1800 105 1844 lo
135 1800 265 1843 bonos
294 1798 514 1856 Principes
546 1793 661 1858 poffl
696 1795 894 1855 perscribi
925 1812 1044 1856 atque
1079 1797 1261 1857 depingi.
1297 1798 1358 1842 At

64 1884 256 1926 contra,
286 1885 389 1931 quae
419 1867 549 1914 series
583 1865 842 1913 malorum?
875 1878 923 1913 ut
950 1867 1069 1913 enim
1095 1867 1358 1914 omittamus

65 1942 301 1997 Vitellios,
327 1940 578 2004 Caligulas,
599 1942 646 1988 &
666 1934 899 1996 Neron'es3
930 1939 1031 2003 quis
1057 1937 1171 1986 ferat
1206 1939 1358 1986 Maxi-

64 2017 216 2064 minos
245 2016 292 2062 &
322 2015 582 2077 Philippos,
606 2027 743 2076 atque
773 2012 894 2059 illam
924 2012 1174 2060 inconditae
1201 2013 1359 2060 multi-

64 2089 234 2137 tudinis
263 2089 454 2136 faecem?
480 2087 647 2135 tametfi
675 2087 850 2135 Decios
875 2103 1117 2150 excerpere
1143 2087 1358 2146 debeam,

64 2180 260 2228 quorum
283 2164 332 2210 &
353 2162 446 2209 vita
464 2164 512 2210 &
532 2178 655 2208 mors
679 2161 906 2208 veteribus
926 2161 1230 2223 comparanda
1247 2159 1325 2209 est.

131 2237 287 2283 XL111.
307 2236 361 2282 Et
380 2234 592 2298 quaeritur
613 2233 793 2297 quidem
807 2269 821 2291 ‚
841 2250 942 2296 quae
964 2249 1034 2279 res
1057 2231 1199 2277 malos
1226 2231 1358 2278 Prin-'

65 2307 190 2370 cipes
225 2307 370 2355 faciat.
410 2309 503 2355 Jam
541 2306 734 2369 primum
773 2305 910 2353 nimia
947 2303 1154 2361 licentia,
1195 2303 1359 2352 deinde

67 2397 219 2428 rerum
237 2380 368 2443 copia
383 2397 399 2437 ;
417 2379 550 2428 amici
569 2393 784 2442 praeterea
807 2377 1031 2440 improbi,
1050 2376 1254 2424 satellites
1275 2377 1358 2424 de-

65 2452 282 2514 testandi,
307 2452 505 2502 eunuchi
530 2451 802 2514 avariffimi,
833 2450 970 2500 aulici
1003 2449 1080 2500 vel
1103 2448 1253 2511 stulti,
1278 2447 1356 2500 vel
