1714 2807
250 119 261 123 ⁵
309 147 371 211 38
572 136 1328 198 JUth'CAP1TOL1N1

309 250 524 297 educatus
552 249 708 309 Lorii,
738 249 784 296 in
817 251 998 303 Aurelia
1025 271 1036 299 :
1077 253 1153 301 ubi
1190 255 1342 317 postea
1369 256 1593 317 palatium

311 321 557 380 exstruxit,
589 321 716 384 cujus
742 323 972 387 hodieque
991 324 1191 389 reliquiae
1218 340 1413 375 manent.
1440 329 1597 377 Pueri-

312 395 418 442 tiam
444 395 532 461 egit
564 413 665 444 cum
699 414 791 444 avo
823 411 1048 459 paterno,
1081 417 1191 446 mox
1227 418 1330 448 cum
1359 415 1595 450 materno·
1581 440 1598 460 ‚

315 483 476 518 omnes
503 470 608 518 iuos
635 471 842 535 religiose
872 472 1043 520 colens.
1069 485 1204 538 atque
1222 476 1336 522 adeo
1363 478 1413 525 &
1435 477 1599 525 conso-

310 541 557 592 brinorum
586 547 635 594 &
665 545 818 595 vitrici
847 546 898 594 &
920 540 1168 595 multorum
1196 549 1394 597 affinium
1423 551 1600 598 heredi-

320 630 412 666 tate
442 619 605 669 ditatus
635 619 712 668 est.

300 756 309 757 ἶ
385 695 434 739 Π,
474 695 572 742 Fuit
599 693 670 743 vir
696 693 843 743 forma
875 695 1179 759 conspicuus,
1209 696 1392 762 ingenio
1425 697 1567 746 clarus
1587 733 1602 757 ,

321 766 526 814 moribus
564 767 791 827 clemens,
830 768 997 815 nobilis
1032 770 1189 827 vultu,
1221 772 1269 818 &
1305 771 1502 833 placidus
1535 771 1604 831 in-

320 839 460 902 genio
481 875 494 898 ‚
529 840 759 904 singularis
799 841 1070 904 eloquentiae
1092 877 1107 899 ,
1142 843 1296 889 nitidae
1333 843 1605 902 literaturae,

323 914 550 976 praecipue
571 915 772 974 sobrius,
794 915 982 980 diligens
1014 916 1106 981 agri
1135 917 1308 976 cultor,
1336 918 1454 965 mitis
1476 954 1489 977 ,
1517 919 1608 965 lar-

323 1001 432 1049 gus,
459 986 603 1034 alieni·
624 987 872 1045 abstinen83
903 990 954 1036 &
981 988 1134 1035 omnia
1165 989 1261 1036 haec
1294 1005 1393 1036 cum
1428 989 1609 1036 mensu-

325 1078 403 1118 ra,
435 1064 484 1111 &
509 1062 598 1110 fine
623 1062 827 1125 iaetantia
849 1083 859 1112 :
881 1065 926 1111 in
957 1066 1125 1113 cunetis
1152 1067 1380 1129 postremo
1411 1065 1611 1113 laudabi-

327 1134 409 1193 lis,
438 1138 488 1184 &
515 1137 595 1200 qui
625 1137 789 1186 merito
815 1140 977 1186 Numae
1011 1140 1265 1203 Pompilio,
1298 1157 1353 1187 ex
1379 1141 1611 1188 bonorum

328 1209 544 1258 sententia
563 1249 578 1269 ,
596 1226 896 1276 comparatur.
925 1216 1032 1261 Pius
1050 1215 1398 1278 cognominatus
1417 1215 1477 1262 est
1492 1232 1516 1262 a
1537 1215 1613 1260 Se-

331 1297 470 1343 natu,
490 1287 574 1332 ‘vel
600 1288 727 1349 quod
763 1286 966 1335 socerum
998 1287 1102 1334 feffa
1133 1287 1220 1349 jam
1250 1299 1408 1346 aetate,
1441 1304 1578 1334 manu
1599 1323 1616 1347 ‚

331 1359 548 1422 praesente
572 1362 757 1418 Senatu,
782 1362 1032 1411 levaverit:
1057 1362 1215 1427 (quod
1234 1363 1412 1425 quidem
1437 1378 1532 1408 non
1552 1361 1616 1408 sa-

333 1433 392 1480 tis
424 1451 596 1497 magnae
621 1435 794 1497 pietatis
815 1436 875 1482 est
906 1449 1359 1499 argumetit11m3211m
1382 1435 1544 1497 impius
1565 1433 1618 1481 fit

334 1507 498 1570 magis,
522 1508 600 1571 qui
619 1507 695 1555 ista
717 1524 810 1554 non
833 1508 963 1556 faciat
980 1544 993 1566 ‚
1014 1525 1146 1571 quam
1175 1508 1297 1570 pius,
1319 1507 1395 1571 qui
1416 1507 1618 1553 debitum

337 1579 516 1644 reddat)
546 1581 649 1640 vel,
667 1581 791 1644 quod
811 1597 913 1639 eos,
933 1597 1047 1644 quos
1068 1581 1318 1629 Hadrianus
1349 1597 1427 1642 per
1456 1580 1619 1626 malam

340 1653 646 1700 valetudinem
671 1654 821 1701 occidi
840 1653 1016 1714 jufferat
1034 1689 1047 1712 ,
1075 1653 1347 1701 reservavit:
1368 1652 1443 1700 vel
1460 1688 1473 1711 ‚
1495 1651 1621 1715 quod

342 1730 571 1778 Hadriano
587 1768 603 1789 ,
624 1744 782 1779 contra
802 1731 1006 1781 omnium
1033 1730 1196 1788 studia,
1217 1728 1317 1792 post
1336 1740 1527 1775 mortem
1549 1726 1622 1773 in-

342 1799 497 1848 finitos
540 1814 675 1865 atque·
708 1802 948 1850 immensos
985 1803 1186 1849 honores
1229 1800 1454 1848 decrevit:
1507 1799 1622 1856 vel,

342 1877 499 1940 quod,
519 1893 619 1924 cum
641 1877 681 1924 se
707 1878 957 1925 Hadrianus
977 1876 1233 1924 interimere
1258 1874 1426 1931 vellet,
1449 1871 1623 1936 ingenti

341 1949 540 1998 custodia
569 1951 619 1999 &
637 1951 865 2014 diligentia
887 1950 1019 2008 fecit,
1043 1967 1098 1997 ne
1121 1950 1165 1996 id
1191 1949 1332 2012 poffet
1361 1948 1622 1994 admittere:

342 2022 448 2079 vel,
462 2024 588 2087 quod
610 2040 717 2071 vere
735 2036 888 2071 natura
908 2023 1268 2071 clementiffimus
1282 2058 1296 2080 ‚
1314 2023 1361 2069 δε
1383 2019 1492 2067 nihil
1513 2032 1625 2067 tem-

345 2096 535 2159 poribus
555 2096 640 2144 suis
658 2097 858 2159 asperum
877 2096 994 2146 fecit.
1015 2098 1133 2144 Idem
1152 2096 1305 2143 foenus
1325 2092 1625 2152 trientarium,

347 2172 441 2218 hoc
466 2171 554 2226 est,
585 2171 780 2219 minimis
812 2171 974 2230 usuris,
1005 2170 1233 2228 exercuit,
1270 2181 1318 2216 ut
1348 2165 1627 2231 patrimonio

347 2245 429 2293 suo
477 2246 698 2309 plurimos
734 2245 984 2309 adjuvaret.
1030 2247 1126 2293 Fuit
1166 2245 1359 2309 quaestor
1403 2241 1626 2298 liberalis,

348 2334 519 2383 praetor
544 2321 825 2386 splendidus,
844 2321 1002 2372 consul
1023 2339 1123 2369 eum
1148 2320 1315 2368 Catilio
1336 2320 1521 2366 Severo.
1541 2314 1628 2363 Hic

349 2394 397 2442 in
424 2396 549 2442 omni
582 2397 673 2444 vita
695 2399 876 2460 privata
901 2396 944 2443 in
974 2395 1256 2459 agrisfryetue
1250 2393 1450 2440 miffime
1480 2389 1626 2436 vixit:

351 2469 431 2517 sed
459 2470 603 2520 clarus
633 2471 680 2520 in
708 2473 800 2523 loci
790 2489 822 2522 s
849 2471 1060 2522 omnibus
1085 2470 1183 2518 fuit.
1207 2469 1276 2517 Ab
1304 2466 1532 2515 Hadriano
1560 2462 1629 2510 in·
