1637 2785
313 134 607 190 ninius
658 142 1079 191 JULiANUS.
1249 157 1336 205 137

63 252 494 317 spefiaculumitum
529 251 605 298 est.
642 253 725 297 Sed
763 253 994 313 occupatis
1037 252 1338 299 indifferenter

64 327 266 373 omnium
291 325 532 381 subselliis,
551 327 747 385 populus
776 326 1019 387 geminavit
1048 329 1258 373 convicia
1293 328 1339 372 in

64 399 312 446 Iulianum:
343 396 630 441 Pescennium
664 396 970 458 Nigrum,qui
1001 397 1086 456 jam
1123 401 1341 459 imperare

60 471 310 526 dicebatur,
327 470 382 514 ad
401 470 536 514 Urbis
562 470 809 529 praetidium
833 470 1034 516 vocavit.
1057 472 1165 518 Haec
1190 471 1343 518 omnia

63 544 256 590 Julianus
282 543 453 604 placide
483 543 611 599 tulit,
634 556 823 604 totoque
849 543 1023 605 imperii
1050 545 1109 589 sui
1137 558 1342 606 tempore

59 615 308 662 mitissimus
332 614 656 685 fuitzpopulus
683 628 829 662 autem
847 615 890 661 in
915 617 1075 662 milites
1101 617 1343 662 vehemen-

61 689 218 735 tiffime
250 690 575 747 invehebatur,
597 690 671 753 qui
702 691 765 736 ob
793 689 1027 752 pecuniam
1063 690 1341 735 Pertinacem

61 761 338 808 occidissent.
374 762 515 808 Multa
547 762 710 824 igitur,
736 779 836 825 quae
864 763 1149 808 Commodus
1181 762 1342 809 statue·

61 850 150 892 rat,
172 837 375 880 Pertinax
398 835 582 889 tulerat,
607 837 657 880 ad
673 835 1006 881 conciliandum
1029 833 1234 880 favorem
1257 851 1340 896 po·

61 908 155 970 puli
195 907 396 954 restituit.
426 908 500 954 De
527 907 622 967 ipso
648 907 878 955 Pertinace
915 923 1060 970 neque
1093 908 1234 964 male,
1263 923 1343 953 ne-

59 996 147 1042 que
174 980 286 1025 bene
317 979 555 1042 quidquam
587 980 701 1042 egit:
723 979 847 1039 quod
873 978 1175 1042 gravissimum
1206 978 1341 1040 pluri·

60 1054 143 1100 mis
176 1053 319 1100 visum
343 1054 418 1100 est.
452 1053 682 1111 constitit,
714 1067 900 1116 propter
931 1069 1096 1100 metum
1122 1053 1345 1111 militum,

61 1126 115 1172 de
142 1125 588 1180 honore,Pertinacis
616 1125 800 1171 tacitum
839 1125 938 1172 effe.

51 1220 55 1226 <
123 1201 179 1245 V.
212 1200 264 1245 Et
290 1199 486 1247 Julianus
517 1200 695 1261 quidem
728 1216 870 1262 neque
896 1198 1180 1246 Britannicos
1214 1215 1341 1245 exer—

60 1272 201 1330 citus,
233 1289 376 1334 neque
403 1274 612 1336 Illyricos
642 1273 848 1319 timebat:
867 1273 1055 1336 Nigrum
1080 1290 1192 1318 vero
1214 1275 1342 1319 misso

59 1345 357 1408 primipilario
395 1346 541 1393 occidi
588 1359 890 1408 praeceperat‚
923 1345 1082 1390 timens
1121 1345 1342 1406 praecipue

59 1418 271 1482 Syriacos
290 1419 527 1465 exercitus.
547 1420 665 1480 Ergo
689 1419 952 1464 Pescennius
971 1417 1109 1480 Niger
1128 1417 1171 1462 in
1193 1416 1344 1480 Syria,

59 1491 298 1554 Septimius
317 1492 507 1537 Severus
527 1491 572 1536 in
595 1492 781 1553 Illyrico
803 1508 905 1537 cum
930 1490 1224 1546 exercitibus,
1239 1489 1343 1551 'qui-

58 1568 140 1614 bus
176 1565 494 1628 praesidebant,
525 1584 548 1612 a
576 1567 751 1614 Iuliano
779 1565 1015 1612 descivere.
1045 1565 1130 1610 Sed
1163 1581 1262 1610 cum
1300 1564 1343 1610 ei

57 1639 313 1685 nuntiatum
342 1638 468 1696 esset,
498 1640 715 1685 Severum
745 1637 999 1691 descivisse,
1023 1653 1156 1699 quem
1189 1635 1340 1698 suspe—

58 1712 176 1758 &um
205 1727 299 1757 non
330 1711 574 1768 habuerat,
605 1711 888 1771 perturbatus
922 1710 976 1755 ad
1009 1712 1216 1755 Senatum
1254 1725 1336 1755 ve-

58 1785 156 1840 nit,
184 1783 536 1847 imperavitque,
558 1798 606 1830 ut
621 1783 758 1829 hostis
778 1784 966 1829 Severus
988 1782 1344 1829 renuntiaretur:

58 1856 273 1902 militibus
306 1857 467 1913 etiam,
492 1856 569 1919 qui
602 1857 816 1903 Severum
853 1856 988 1902 secuti
1017 1854 1221 1911 fuerant,
1248 1854 1342 1901 dies

57 1929 351 1990 praestitutus,
377 1930 490 1975 ultra
511 1946 642 1990 quem
665 1929 693 1974 si
715 1945 814 1976 curn
832 1930 1002 1974 Severo
1029 1927 1206 1973 fuiffem
1223 1963 1235 1983 ,
1259 1927 1340 1972 ho-

52 2003 189 2049 'stium
224 2018 410 2048 numero
441 2003 726 2050 haberentur.
759 2002 873 2048 Miffi
901 2001 999 2047 sunt
1031 2014 1242 2062 praeterea
1279 2000 1341 2046 le-

57 2076 147 2139 gati
165 2076 432 2123 Consulares
456 2093 478 2123 a
503 2078 663 2123 Senatu
690 2077 744 2123 ad
764 2076 950 2132 milites,
969 2075 1047 2137 qui
1073 2075 1305 2121 suaderent
1322 2111 1341 2133 ,

59 2162 111 2194 ut
140 2149 329 2196 Severus
364 2150 701 2210 repudiaretur,
741 2152 791 2197 &
828 2150 863 2196 is
900 2149 1005 2197 esset
1048 2151 1298 2211 Imperator
1325 2183 1340 2207 ,

60 2237 194 2283 quem
218 2222 401 2268 Senatus
421 2223 626 2285 elegerat.
649 2226 767 2269 Inter
792 2236 966 2269 ceteros
985 2222 1150 2284 legatus
1168 2220 1228 2266 est
1249 2223 1341 2266 Ve-

59 2292 265 2355 spronius
283 2293 539 2352 Candidus,
568 2308 699 2342 vetus
728 2294 1014 2350 Consularis,
1037 2294 1148 2338 olim
1182 2292 1339 2338 militi-

59 2368 142 2415 bus
161 2367 330 2414 invisus
345 2404 358 2424 ,
378 2370 439 2413 ob
461 2370 619 2416 durum
639 2372 687 2418 &
707 2369 936 2416 sordidum
956 2369 1208 2428 imperium.
1228 2366 1336 2413 Mis·

60 2439 129 2488 sus
159 2440 220 2488 est
244 2439 467 2490 successor
493 2443 662 2491 Severo
695 2442 895 2491 Valerius
918 2442 1185 2498 Catulinus;
1216 2441 1336 2506 quasi
