1714 2807
296 170 389 216 234
509 144 1373 197 AELIILAMPRIDII

293 261 335 307 se
369 258 638 321 polluerant.
671 259 724 304 Et
754 255 977 318 penetrale
1001 255 1167 302 sacrum
1195 252 1255 300 est
1287 251 1457 299 auferre
1484 267 1567 298 co-

294 345 460 378 natus:
497 346 689 392 cumque
729 329 880 376 seriam
903 365 915 386 ‚
953 327 1074 390 quasi
1126 343 1277 375 veram
1324 325 1566 388 rapuisset,

292 404 530 468 (quamvis
559 404 705 466 Virgo
734 402 926 449 maxima
948 401 1096 448 falsam
1118 399 1467 460 monstraverat)
1502 410 1569 445 at-

290 494 379 540 que
406 477 452 522 in
481 493 528 522 ea
554 476 666 522 nihil
687 474 937 537 reperisset,
964 472 1189 535 applosam
1220 471 1375 535 fregit:
1399 488 1480 518 nec
1501 483 1567 517 ta-

289 564 392 594 men
421 548 660 610 quidquam
689 546 897 609 religioni
919 545 1099 601 dernsit,
1119 545 1222 607 quia
1244 544 1390 606 plures
1409 543 1570 590 similes

291 621 415 668 1⁶3&ae
444 621 656 668 dicuntur
683 620 794 675 effe,
825 636 879 666 ne
911 618 1009 681 quis
1038 635 1187 664 veram
1211 635 1406 681 unquam
1437 617 1590 680 poffit'

292 694 480 740 auferre.
511 695 619 739 Haec
644 709 744 739 cum
774 693 833 738 ita
863 692 1020 743 essent,
1049 690 1217 753 lignum
1243 704 1386 737 tamen
1409 727 1420 746 ‚
1442 691 1568 752 quod

290 766 533 812 Palladium
563 764 648 810 effe
677 764 910 827 credebat,
943 763 1146 821 abstulit,
1172 766 1220 810 ὅ(
1241 779 1350 809 auro
1380 762 1528 810 fissum
1551 797 1568 821 ‚

290 839 338 884 in
371 838 434 884 sui
463 838 551 884 Dei
583 837 752 898 templo
783 836 966 882 locavit.

357 914 449 957 VH.
482 911 636 957 Matris
659 911 791 957 etiam
823 908 974 955 Deum
1006 907 1123 955 sacra
1154 907 1325 969 accepit
1345 908 1392 954 &
1418 918 1568 953 tauro·

292 982 486 1028 boliatus
514 982 573 1026 est
594 1017 606 1036 ,
635 995 684 1027 ut
715 995 874 1044 typum
895 980 1111 1041 eriperet,
1133 981 1179 1026 &
1203 980 1284 1026 alia
1305 979 1420 1025 sacra
1435 1014 1447 1036 ‚
1468 996 1569 1041 quae

291 1055 468 1116 penitus
502 1054 721 1099 habentur
749 1053 944 1100 condita.
967 1053 1147 1100 laetavit
1177 1065 1322 1099 autem
1345 1064 1477 1114 caput
1497 1052 1584 1108 in*

290 1142 358 1174 ter·
388 1128 596 1191 praecisos
631 1128 874 1181 fanaticos,
903 1129 951 1174 &
979 1127 1181 1189 genitalia
1216 1126 1294 1172 fibi
1327 1126 1527 1172 devinxit
1552 1160 1569 1184 ‚

291 1203 342 1248 &
367 1202 519 1248 omnia
552 1201 682 1259 fecit,
705 1218 805 1263 quae
836 1200 954 1246 Galli
983 1199 1126 1245 facere
1157 1199 1570 1246 solentzablatum-

290 1290 378 1333 que
407 1272 599 1319 sanclum
627 1272 670 1318 in
699 1272 922 1334 penetrale
949 1273 1034 1318 Dei
1059 1270 1121 1316 {ui
1146 1271 1379 1318 transtulit.
1399 1272 1569 1318 Salam-

291 1344 458 1390 bonem
495 1345 626 1390 etiam
663 1344 789 1391 omni
830 1343 1005 1404 planetu
1045 1345 1091 1389 ὅ(
1131 1342 1364 1402 jactatione
1395 1344 1570 1407 Syriaci

291 1415 436 1463 cultus
466 1415 693 1471 exhibuit,
718 1431 852 1460 omen
875 1413 952 1459 fibi
983 1413 1149 1460 faciens
1172 1415 1445 1463 imminentis
1473 1417 1570 1464 exi-

290 1487 356 1534 tii.
386 1489 558 1534 Omnes
582 1487 682 1532 sane
702 1487 830 1532 Deos
849 1485 910 1530 sui
933 1485 1022 1531 Dei
1041 1485 1263 1532 ministros
1287 1485 1370 1531 esse
1393 1486 1536 1545 ajebat
1553 1523 1570 1548 ,

291 1575 397 1606 cum
429 1559 541 1606 alios
571 1559 662 1620 ejus
690 1557 993 1605 cubicularios
1025 1557 1301 1620 appellaret,
1335 1559 1448 1606 alios
1478 1561 1567 1607 ser-

291 1649 380 1679 vos
393 1670 406 1689 ‚
423 1633 534 1679 alios
549 1632 820 1681 diversatum
846 1649 991 1678 rerum
1009 1631 1245 1679 ministros.
1262 1633 1465 1695 Lapides,
1487 1635 1567 1698 qui

290 1706 408 1752 Divi
432 1707 670 1762 dicuntur,
695 1722 750 1752 ex
783 1705 971 1767 proprio
1005 1706 1176 1767 templo
1208 1706 1369 1752 Dianae
1406 1708 1568 1755 Laodi-

291 1795 384 1824 ceae
406 1814 420 1834 ‚
452 1796 508 1824 ex
541 1780 684 1842 adyto
714 1777 822 1833 suo,
855 1779 900 1824 in
935 1795 1027 1841 quo
1052 1779 1096 1824 id
1129 1780 1307 1827 Orestes
1333 1780 1569 1843 posuerat,⁴

291 1850 448 1897 afferre
468 1852 629 1899 voluit.
648 1854 703 1898 Et
725 1851 923 1898 Orestem
946 1851 1125 1914 quidem
1150 1851 1297 1899 ferunt
1318 1869 1410 1898 non
1428 1871 1567 1902 unum

291 1926 577 1972 simulacrum
604 1926 787 1985 Dianae‚
812 1943 893 1974 nec
918 1942 1012 1973 uno
1035 1925 1081 1972 in
1109 1926 1219 1973 loco
1247 1926 1466 1987 posuiffe,
1493 1929 1569 1977 sed

291 1998 432 2043 multa
462 1997 507 2042 in
536 1999 698 2044 multis.
721 1999 1008 2062 Posteaquam
1035 1997 1075 2044 se
1103 1998 1220 2059 apud
1248 1997 1354 2044 Tria
1381 1998 1569 2049 flumina

291 2070 408 2117 circa
439 2071 636 2116 Hebrum
657 2087 712 2116 ex
737 2071 950 2132 responso
979 2069 1238 2133 purificavit
1255 2106 1269 2127 ,
1298 2070 1428 2118 etiam
1451 2073 1567 2120 Ore-

291 2144 398 2190 stam
425 2144 628 2191 condidit
655 2143 881 2191 civitatem
898 2179 910 2200 ,
935 2159 1068 2205 quam
1094 2142 1206 2204 saepe
1232 2146 1452 2192 cruentari
1485 2148 1568 2194 ho·

291 2217 465 2263 minum
500 2217 709 2280 sanguine
745 2217 913 2264 neceffe
952 2217 1026 2264 est.
1060 2217 1114 2262 Et
1142 2217 1342 2264 Orestam
1385 2219 1567 2281 quidem

292 2290 449 2337 urbem
479 2291 728 2337 Hadrianus
761 2290 842 2336 suo
872 2289 1056 2335 nomine
1084 2290 1302 2337 vindicari
1329 2289 1474 2351 justit,
1507 2307 1567 2338 eo

292 2377 524 2426 tempore,
551 2380 647 2426 quo
678 2363 830 2410 surore
857 2376 1056 2424 coeperat
1077 2363 1309 2421 laborare,
1327 2377 1374 2409 ut
1406 2379 1462 2409 ex
1497 2379 1568 2409 re-

294 2435 462 2499 sponso
481 2473 495 2497 ‚
513 2453 617 2486 cum
642 2436 684 2485 ei
709 2435 876 2485 distum
905 2435 1033 2495 effet,
1056 2447 1104 2483 ut
1128 2435 1175 2483 in
1200 2435 1353 2483 furiosi
1379 2434 1568 2498 alicujus
