1637 2785
289 120 785 170 ANTONINUS
837 121 1070 168 GETA.
1254 134 1338 184 205

58 231 277 294 probante
306 231 506 277 Baffiano
523 264 536 286 ,
558 228 683 291 quod
710 244 801 273 non
825 227 973 288 giadio
994 244 1061 273 res
1084 226 1253 288 perafta
1279 220 1345 273 sit.

59 307 257 352 Ventum
289 305 481 366 denique
512 303 571 349 est
603 302 740 365 usque
780 303 833 346 ad
865 301 1127 347 seditionem
1163 300 1348 347 urbani-

56 377 289 424 cianorum
327 376 548 433 militum,
575 391 691 437 quos
724 374 903 436 quidem
933 389 1026 418 non
1060 373 1154 419 levi
1188 374 1347 420 aufto-

58 449 186 495 ritate
215 448 438 495 Baffianus
466 446 750 508 compreffit‚
778 446 963 491 tribuno
985 461 1169 501 eorum,
1198 459 1244 490 ut
1272 443 1346 490 alii

57 521 239 578 dicunt,
274 520 543 573 interfect0;
582 533 629 566 ut
667 518 769 575 alii,
813 519 1026 581 relegato.
1068 517 1162 579 Ipse
1199 530 1346 564 autem

57 606 230 641 tantum
266 593 437 650 timuit,
463 607 512 638 ut
543 591 729 638 loricam
753 591 832 637 sub
861 591 954 636 lato
984 591 1149 636 habens
1182 590 1346 648 clavo,

57 667 187 714 etiam
220 666 386 713 curiam
421 665 472 711 fit
498 665 731 728 ingr-effus,
771 678 904 726 atque
934 664 992 709 ita
1033 663 1252 709 rationem
1281 662 1348 709 fa-

55 739 114 786 &i
135 738 197 785 sui
220 741 267 785 &
287 738 406 785 necis
423 739 595 785 Geticae
618 737 874 783 reddiderit.
904 737 1014 796 Quo
1034 738 1214 800 quidem
1239 751 1347 785 tem-

59 828 173 875 pore
200 811 391 859 Helvius
417 810 659 865 Pertinax,
696 810 773 873 qui
817 810 966 871 postea
1004 810 1064 855 est
1098 811 1152 856 ab
1187 812 1347 858 eodem

59 886 263 933 Bassiano
297 885 587 944 interemtus,
618 885 821 931 recitanti
850 883 1056 930 Faustino
1088 886 1275 947 praetori
1299 888 1349 934 ὃ(

58 956 250 1015 dicenti,
269 959 531 1003 Sarmaticus
553 960 765 1003 maximus
789 955 829 1003 G
853 958 1076 1002 Parthicus
1101 961 1344 1014 maxima-v,

62 1029 213 1076 dixisse
235 1029 421 1087 dicitur,
441 1033 565 1076 Adde
581 1028 622 1076 δ’
644 1030 814 1075 Geticus
839 1030 1057 1074 maximus
1074 1065 1086 1084 ‚
1110 1031 1228 1091 quasi
1249 1032 1347 1077 Go-

61 1103 230 1150 thiens:
264 1103 388 1167 quod
419 1103 583 1149 dictum
618 1102 748 1150 altius
781 1102 824 1147 in
862 1102 1012 1164 pec‘tus
1047 1103 1234 1149 Baffiani
1269 1105 1348 1150 de·-

60 1176 257 1235 scendit,
277 1190 325 1224 ut
349 1178 500 1240 postea
524 1194 632 1225 nece
663 1176 906 1224 Pertinacis
930 1177 990 1222 est
1019 1178 1316 1239 approbatum
1337 1197 1348 1225 ε

62 1267 148 1299 nec
176 1251 318 1299 solum
338 1250 605 1308 Pertinacis,
626 1249 697 1296 sed
730 1251 778 1297 &
803 1249 994 1296 aliorum
1012 1285 1024 1307 ,
1047 1262 1094 1295 ut
1125 1250 1250 1314 supra
1281 1252 1349 1297 dim

62 1325 181 1371 &um
208 1324 295 1382 est,
324 1324 473 1388 paffim
511 1325 562 1371 &
585 1322 753 1386 inique.
787 1322 1005 1369 Helvium
1043 1337 1188 1370 autem
1217 1324 1348 1370 etiam

63 1396 308 1460 suspectum
346 1395 501 1443 habuit
533 1395 742 1442 affectatae
769 1395 1053 1458 tyrannidis,
1084 1397 1210 1457 quod
1247 1396 1352 1442 effet

63 1470 113 1518 in
145 1487 298 1518 amore
327 1470 529 1516 omnium
554 1506 567 1525 ‚
601 1471 650 1516 &
680 1467 798 1513 filius
824 1468 1067 1523 Pertinacis
1100 1471 1350 1531 Imperato-

64 1542 151 1590 ris:
181 1559 280 1606 quae
302 1559 369 1588 res
399 1541 511 1588 nulli
538 1541 667 1588 facile
694 1540 876 1602 privato
905 1540 1005 1586 satis
1040 1552 1132 1586 tuta
1153 1542 1226 1587 est.

131 1618 223 1662 VII.
254 1617 402 1661 Funus
431 1617 560 1661 Getae
579 1614 825 1661 accuratius
845 1613 970 1660 fuiffe
1001 1613 1185 1671 dicitur,
1213 1632 1350 1679 quam

68 1688 191 1750 ejus,
212 1689 289 1752 qui
322 1705 346 1734 a
371 1687 505 1734 fratre
543 1687 771 1736 videretur
790 1687 982 1735 occisus.
1015 1687 1251 1749 Illatusque
1289 1688 1352 1734 est

67 1762 292 1824 majorum
319 1763 523 1825 sepulcro
542 1798 553 1820 ‚
574 1763 664 1809 hoc
683 1761 741 1808 est
758 1761 942 1821 Severi,
965 1763 1089 1825 quod
1108 1762 1168 1808 est
1190 1763 1233 1808 in
1258 1766 1352 1825 Ap-

67 1837 142 1900 pia
174 1835 246 1883 via
280 1836 486 1883 euntibus
520 1836 575 1882 ad
619 1848 792 1899 portam
833 1835 1065 1893 dextrum,
1098 1835 1241 1899 specie
1270 1838 1351 1882 Se·-

69 1910 260 1973 ptizonii
289 1910 582 1966 exstructum,
619 1910 744 1972 quod
775 1909 852 1956 fibi
884 1909 957 1956 ille
991 1910 1128 1957 vivus
1157 1926 1351 1957 ornave-

69 1997 153 2031 rat.
180 1983 402 2031 Occidere
432 1982 580 2029 voluit
614 1984 664 2030 &
698 1996 883 2028 matrem
919 1984 1074 2040 Getae,
1105 1999 1351 2030 novercam

70 2058 190 2106 suam
207 2092 219 2114 ,
235 2059 358 2120 quod
380 2057 557 2103 fratrem
581 2056 774 2118 lugeret,
794 2058 842 2103 &
867 2056 1072 2102 mulieres
1089 2092 1104 2114 ‚
1120 2073 1227 2119 quas
1251 2056 1352 2119 post

71 2130 166 2177 redi
172 2142 262 2175 tum
294 2130 346 2175 de
369 2129 488 2176 curia
517 2128 673 2175 flentes
700 2129 880 2190 reperit.
900 2128 997 2174 Fuit
1020 2143 1233 2190 praeterea
1257 2128 1350 2188 ejus

72 2201 362 2250 immanitatis
393 2201 676 2256 Antoninus,
701 2214 750 2246 ut
782 2200 833 2248 iis
864 2202 1090 2263 praecipue
1125 2202 1350 2247 blandire-

73 2287 170 2333 tur,
189 2291 303 2337 quos
329 2275 381 2321 ad
403 2290 554 2321 necem
580 2273 848 2332 destinabat,
868 2288 919 2320 ut
945 2274 1038 2336 ejus
1066 2275 1202 2338 magis
1222 2275 1353 2320 blan-

75 2348 319 2395 dimentum
348 2348 604 2404 timeretur,
623 2364 756 2410 quam
787 2347 1029 2394 iracundia.
1050 2349 1215 2393 Mirum
1251 2347 1351 2394 sane

77 2421 290 2469 omnibus
319 2420 575 2481 videbatur,
595 2421 719 2485 quod
742 2434 933 2468 mortem
958 2423 1085 2468 Getae
1104 2421 1238 2469 toties
1259 2421 1350 2484 ipse
