1714 2807
985 24 992 50 5

303 174 390 222 208
557 170 759 218 JULII
813 168 1311 215 CAPITOLINI

300 281 408 343 jano
428 314 442 336 ‚
477 290 553 324 aut
581 277 697 332 Pio,
731 287 803 322 aut
834 277 993 322 Marco
1029 275 1253 321 sciendum
1282 273 1365 330 fit,
1401 270 1578 336 quoties

301 350 593 416 processerit,
629 348 811 411 quando
852 347 980 394 cibos
1011 347 1285 402 variaverit,
1317 348 1364 392 &
1394 347 1580 408 quando

301 424 471 470 vestem
510 420 783 476 mutaverit,
813 421 861 470 δε
901 436 1015 483 quos
1047 421 1227 482 quando
1261 420 1580 481 promoverit:

302 514 403 560 quae
425 496 498 542 ille
524 492 675 541 omnia
695 493 1007 557 exsequendo,
1030 493 1168 538 libros
1187 491 1484 556 mythistoriis
1512 508 1580 537 re-

302 570 441 633 plevit
471 568 574 615 talia
602 566 868 613 scribendo:
890 581 991 612 cum
1025 565 1217 610 omnino
1251 581 1394 610 rerum
1421 564 1581 611 vilium

302 656 375 689 aut
394 641 514 688 nulla
541 638 770 686 scribenda
801 637 913 694 sint,
943 649 1018 682 aut
1043 636 1172 682 nimis
1195 653 1357 698 pauca,
1381 636 1411 681 st
1436 652 1582 682 tamen

303 731 359 760 ex
377 715 444 759 his
471 727 618 758 mores
635 710 796 773 poffint
817 707 1139 764 animadverti,
1167 708 1243 771 qui
1267 724 1422 753 revera
1444 708 1584 754 scien-

301 787 347 834 di
378 786 508 836 sunm,
540 784 610 830 sed
640 800 695 829 ex
728 795 878 845 parte,
899 794 948 828 ut
969 798 1023 827 ex
1047 798 1096 827 ea
1127 797 1271 827 cetera
1302 780 1582 843 colligantur.

367 862 418 906 ll.
446 857 615 905 Occiso
644 871 750 918 ergo
773 855 1009 900 Antonino
1029 855 1229 901 Baffiano
1246 890 1258 910 ‚
1283 855 1462 916 Opilius
1483 856 1583 900 Ma-

303 934 454 982 crinus
470 969 482 990 ‚
502 930 736 977 Praefefius
758 928 975 990 praetorio
996 928 1118 987 ejus,
1142 927 1221 990 qui
1243 942 1367 973 antea
1392 927 1585 988 privatas

304 1017 506 1060 curarat,
536 1001 771 1064 imperium
801 1000 1012 1062 arripuit,
1042 999 1202 1045 humili
1237 1012 1363 1046 natus
1384 1000 1584 1055 loc0‚&

304 1079 440 1125 animi
471 1090 601 1138 atque
620 1074 713 1121 oris
744 1073 1059 1119 inverecundi:
1083 1073 1211 1136 seque
1231 1090 1349 1119 nunc
1367 1076 1552 1118 Severum
1572 1106 1586 1126 ,

304 1166 429 1196 nunc
466 1151 728 1193 Amani-‘num
749 1182 762 1200 ,
792 1162 894 1192 cum
934 1146 976 1189 in
1011 1146 1122 1191 odio
1156 1146 1259 1190 esset
1292 1146 1494 1190 omnium
1537 1146 1588 1187 δε

301 1224 542 1270 hominum
563 1255 575 1276 ,
604 1220 653 1265 &
679 1216 896 1272 militum,
930 1217 1222 1277 nuncupavit.
1259 1217 1502 1277 Statimque
1533 1215 1587 1260 ad

302 1296 470 1342 beilum
493 1290 744 1339 Parthicum
770 1287 992 1349 prot'eftus
1011 1323 1022 1343 ‚
1049 1290 1094 1335 δι’
1120 1287 1344 1348 judicandi
1370 1288 1423 1333 de
1442 1286 1482 1332 se
1501 1286 1586 1331 mi-

303 1368 457 1414 litibus
480 1399 492 1422 ,
517 1366 566 1410 &
592 1359 875 1415 rumoribus,
901 1359 1061 1420 quibus
1090 1359 1369 1420 premebatur
1386 1393 1398 1415 ,
1434 1357 1589 1402 adole-

306 1439 458 1488 scendi
493 1435 754 1500 potestatem
793 1433 984 1479 demfit:
1031 1432 1236 1494 quamvis
1276 1434 1459 1478 Senatus
1487 1446 1589 1476 eum

306 1518 628 1575 imperatorem
662 1506 773 1554 odio
804 1505 1026 1553 Antonini
1056 1504 1241 1551 Baffiani
1261 1505 1447 1551 libenter
1467 1520 1590 1550 acce—

306 1585 451 1651 perit,
480 1599 580 1630 cum
602 1581 646 1626 in
665 1582 827 1626 Senatu
846 1576 1056 1625 omnibus
1076 1594 1159 1623 una
1185 1593 1279 1624 vox
1302 1578 1429 1633 effet,
1454 1596 1591 1638 quem-
1613 1591 1616 1594 ⁴

309 1663 379 1712 wis
409 1663 544 1722 magis
571 1675 693 1719 quam
706 1658 991 1717 parricidam,
1012 1657 1194 1713 quemvis
1222 1657 1354 1716 magis
1379 1672 1501 1714 quam
1522 1656 1591 1698 in-

310 1735 454 1800 cestum
474 1767 488 1787 ,
514 1731 696 1791 quemvis
727 1730 861 1788 magis
886 1744 1008 1786 quam
1039 1727 1268 1785 impurum,
1297 1728 1480 1785 quemvis
1499 1743 1592 1769 ma·

308 1810 375 1870 gis
406 1822 527 1866 quam
552 1800 840 1859 interfcflorem
873 1798 915 1845 δ’
947 1803 1127 1844 Senatus
1157 1795 1199 1843 δ’
1224 1799 1387 1858 populi.
1422 1798 1474 1842 Et
1507 1794 1593 1841 mi·

311 1894 415 1925 rum
443 1873 654 1921 omnibus
683 1871 861 1918 fortasse
886 1871 1090 1917 videatur
1111 1905 1125 1926 ‚
1155 1886 1233 1917 cur
1253 1870 1589 1924 Diadumenus,

312 1950 437 1996 filius
458 1946 676 2000 Macrini,
704 1946 956 1990 Antoninus
979 1942 1175 1987 voluerit
1203 1941 1470 2004 nuncupari,
1490 1956 1592 1987 cum

313 2024 471 2072 audior
502 2021 621 2068 necis
652 2017 968 2066 Antoninianae
994 2015 1120 2062 fuisse
1145 2015 1331 2062 dicatur.

384 2097 456 2142 111.
485 2095 557 2140 De
587 2090 684 2154 ipso
714 2107 810 2152 quae
838 2089 881 2134 in
908 2088 1085 2134 annales
1117 2087 1249 2134 relata
1281 2085 1377 2131 sunt
1397 2118 1411 2143 ,
1441 2083 1596 2148 profe·

312 2186 428 2217 aram.
457 2170 592 2212 Vates
618 2161 955 2223 coeiestisvapud
985 2161 1298 2222 Carthaginem
1318 2194 1332 2217 ,
1359 2174 1455 2220 quae
1488 2157 1597 2204 Deo

316 2242 490 2304 repieta
530 2238 640 2284 solet
686 2252 792 2282 vera
839 2249 998 2294 canere
1026 2268 1038 2288 ‚
1081 2232 1156 2278 sub
1196 2231 1432 2278 Antonino
1473 2230 1555 2275 Pio
1580 2263 1596 2287 ,

321 2332 425 2363 cum
446 2349 461 2371 ,
488 2310 733 2359 sciscitante
764 2305 1036 2354 Proconsuie
1067 2306 1120 2350 de
1153 2304 1293 2362 flatu,
1315 2316 1363 2349 ut
1395 2301 1598 2357 solebat,

320 2387 541 2452 publico,
579 2386 629 2432 &
660 2384 714 2430 de
753 2382 831 2428 suo
875 2381 1093 2442 imperio,
1133 2378 1280 2425 futura
1310 2377 1598 2441 praediceret,

321 2461 404 2507 ubi
428 2460 481 2507 ad
506 2455 734 2520 Principes
761 2466 948 2506 ventum
981 2452 1070 2511 est,
1095 2452 1211 2500 clara
1233 2466 1347 2502 voce
1379 2447 1601 2497 numerari

1702 2717 1714 2807 n<-
