1714 2807
350 176 438 224 304
566 156 1435 206 AEthLAMPRlDlt

349 269 502 323 nebat,
524 266 750 329 ingressus,
776 266 1101 314 dormientibus
1119 266 1313 324 cunffis,
1334 267 1432 314 solo
1456 279 1626 315 tantum

350 342 622 399 imperatore
652 337 986 401 intervigilante
1003 338 1119 384 visus
1136 338 1196 384 est
1217 358 1226 384 ε
1253 338 1325 385 cui
1355 339 1628 397 Alexander,

355 412 479 472 Quid
500 411 576 474 est,
609 409 776 471 inquit,
805 413 1140 456 contubernalis?
1161 413 1278 456 Num
1299 413 1460 471 aliquid
1487 414 1536 456 de
1555 414 1631 457 ho·

334 487 471 549 stibus
495 487 703 531 nuntias?
726 487 782 530 At
802 485 876 530 ille
906 499 1024 530 metu
1052 485 1337 545 perterritus,
1361 487 1407 531 &
1426 484 1631 545 sperans,

349 573 445 602 non
485 557 605 618 poss'e
635 557 827 603 evadere
850 591 863 613 ,
896 557 1020 618 quod
1052 557 1096 602 in
1134 556 1378 604 tentorium
1412 556 1632 618 Principis

349 631 566 687 irruisset,
596 631 651 676 ad
677 629 1020 677 contubernales
1056 630 1157 677 suos
1195 630 1348 685 venit,
1385 630 1550 692 eosque
1576 630 1633 676 ad

349 705 510 749 durum
554 703 807 764 Principem
843 702 1190 748 interimendum
1233 704 1496 749 exhortatus
1540 703 1631 751 est:

348 775 427 837 qui
458 775 603 821 subito
640 775 785 836 plures
828 775 1070 836 armatique
1113 774 1324 836 ingressi,
1360 775 1548 822 inermes
1582 777 1633 824 δε

351 847 612 894 obsistentes
654 859 1073 895 contruncaverunt
1099 881 1113 903 ,
1158 847 1390 909 ipsumque
1433 848 1633 909 pluribus

351 920 509 966 iffibus
537 918 858 966 confoderunt.
897 918 1050 983 Aliqui
1088 919 1270 977 dicunt,
1300 920 1491 968 omnino
1522 913 1634 967 n‘1hi1

352 993 514 1040 dictum
537 1026 550 1048 ‚
585 992 658 1038 sed
687 1005 858 1038 tantum
897 1008 920 1038 a
952 992 1167 1038 militibus
1203 993 1469 1051 clamatum,
1506 998 1634 1051 Exi,

353 1068 515 1110 recede:
543 1076 675 1126 atque
701 1063 760 1110 ita
794 1066 1110 1111 obtruncatum
1146 1064 1357 1125 juvenem
1395 1066 1633 1129 optimum.

353 1140 376 1159 ⁴*
400 1136 483 1181 Sed
509 1136 659 1182 omnis
684 1150 915 1198 apparatus
944 1136 1147 1182 militaris
1163 1171 1176 1191 ‚
1197 1137 1274 1199 qui
1308 1137 1454 1197 postea
1473 1137 1532 1184 est
1551 1138 1635 1191 du·

353 1210 445 1255 &us
481 1207 527 1254 in
568 1209 856 1254 Germaniam
885 1226 909 1254 a
941 1209 1215 1266 Maximin0‚
1246 1210 1486 1256 Alexandri
1517 1209 1599 1256 fuit
1619 1245 1635 1267 ,

352 1284 402 1327 δι
423 1279 671 1341 potissimus
687 1281 865 1340 quidem
890 1297 966 1340 per
981 1281 1248 1338 Armeni05‚
1267 1282 1314 1327 ὃ(
1339 1281 1632 1338 Osdroenos,

354 1354 403 1400 «Sc
433 1352 650 1408 Parthos,
679 1353 726 1399 &
753 1352 900 1398 omnis
929 1353 1099 1415 generis
1128 1353 1376 1399 hominum.

419 1424 554 1470 LXll.
596 1424 884 1470 Contemstsse
929 1425 1235 1471 Alexandrum
1276 1437 1494 1482 mortem,
1533 1441 1635 1472 cum

353 1496 566 1543 ferocitas
589 1496 777 1553 mentis,
804 1515 890 1558 qua
917 1498 1101 1543 militem
1134 1498 1305 1558 semper
1323 1498 1521 1554 attrivit,
1539 1510 1635 1544 tum

352 1570 486 1617 etiam
512 1570 585 1616 illa
608 1570 848 1617 declarant.
869 1570 1178 1633 Thrasybulus
1207 1571 1539 1616 mathematicus
1570 1569 1636 1618 illi

354 1642 639 1689 amicissimus
667 1643 779 1689 fuit:
807 1643 883 1706 qui
913 1661 1014 1690 cum
1045 1643 1084 1689 ei
1110 1642 1282 1688 dixisset
1300 1678 1314 1698 ,
1344 1642 1638 1689 neceffitatem

356 1713 440 1760 effe
457 1749 468 1770 ,
484 1727 531 1760 ut
552 1714 699 1775 gladio
713 1715 948 1761 barbarico
971 1716 1160 1777 periret,
1185 1715 1332 1776 primo
1355 1714 1523 1760 laetatus
1547 1714 1637 1773 est,

356 1787 483 1847 quod
503 1786 581 1832 sibi
607 1800 797 1833 mortem
825 1786 1031 1833 bellicam
1063 1786 1462 1848 &imperatoriam
1484 1788 1638 1834 crede·

357 1872 425 1906 ret
449 1858 703 1906 imminere:
725 1860 886 1906 deinde
910 1859 1179 1922 disputavit,
1195 1859 1503 1923 ostenditque,
1519 1860 1638 1921 opti·

357 1947 458 1977 mos
487 1931 688 1994 quosque
721 1931 919 1978 violenta
947 1946 1091 1978 morte
1118 1933 1408 1987 cons'umtos3
1441 1948 1539 1978 cum
1571 1931 1640 1978 di-

360 2016 511 2058 ceret,
536 2002 677 2063 ipsum
711 2005 1010 2051 Alexandrum
1037 2039 1048 2057 ‚
1074 2003 1200 2064 cujus
1235 2020 1401 2049 nome-n
1436 2016 1604 2050 teneret
1625 2038 1640 2063 ,

360 2072 627 2135 Pompejum
649 2108 661 2128 ,
691 2075 909 2121 Caesarem
932 2110 946 2134 ‚
988 2074 1342 2122 Demosthenem
1364 2110 1378 2132 ‚
1407 2075 1606 2121 Tullium
1624 2111 1639 2133 ‚

361 2147 411 2194 δέ
432 2158 605 2193 ceteros
631 2146 818 2209 insignes
848 2147 974 2195 viros
992 2183 1005 2202 ,
1032 2164 1125 2193 non
1151 2147 1299 2208 quieta
1326 2159 1469 2192 morte
1494 2163 1639 2208 oppe-

362 2217 482 2274 riffe3
508 2229 769 2280 tantumque
798 2218 933 2265 animi
960 2220 1138 2275 habuit,
1175 2232 1223 2265 ut
1262 2231 1433 2280 putaret
1469 2220 1509 2265 se
1539 2219 1641 2267 Diis

364 2291 733 2352 comparandum,
751 2290 780 2336 si
801 2291 847 2336 in
867 2292 988 2338 bello
1006 2292 1197 2353 periret:
1221 2291 1292 2338 sed
1311 2308 1376 2337 res
1391 2308 1490 2337 eum
1513 2290 1640 2339 fefel-

365 2363 432 2410 lit.
452 2364 566 2410 Nam
586 2365 634 2411 δι
655 2353 805 2427 gladic}
822 2364 1088 2422 barbarico,
1109 2366 1158 2412 ει
1183 2364 1342 2411 scurrae
1358 2362 1531 2410 barbari
1550 2380 1638 2410 ma-

367 2453 425 2484 nu
443 2471 457 2496 ,
482 2453 639 2486 verum
660 2436 818 2487 nonin
848 2438 969 2486 bello
987 2474 1001 2498 ,
1020 2438 1092 2486 sed
1118 2437 1222 2487 belli
1247 2450 1476 2500 tempore,
1496 2436 1641 2500 periit.
