1714 2807
363 156 422 197 '22
566 148 1429 211 'AELIISPARTIANI

362 254 491 302 simul
521 259 749 306 audiverat
765 296 778 318 ,
807 276 854 308 ut
884 267 1244 316 nomenclatores
1266 270 1424 334 saepius
1445 285 1639 322 errantes

361 329 681 378 emendaverit.
711 332 844 380 Dixit
874 337 922 383 ὅ(
950 350 1265 387 veteranorum
1286 344 1468 390 nomina
1486 382 1501 402 ,
1521 363 1639 409 quos

361 398 607 462 aliquando
631 404 864 454 dimiserat.
884 408 1045 456 Libros
1076 410 1215 459 statim
1243 414 1405 471 tertos,
1426 419 1475 464 &
1502 417 1638 481 igno·
1707 438 1709 479 ς

359 481 432 517 tos
449 474 626 536 quidem
643 512 656 533 ‚
679 478 877 539 plurimis
898 484 1155 531 memoriter
1177 487 1379 535 reddidit.
1400 491 1508 537 Uno
1527 503 1637 537 tem·

356 561 471 606 pore
497 549 687 610 scripsit,
717 553 930 614 didravit,
953 557 1159 615 audivit,
1189 563 1236 608 &
1262 578 1361 608 cum
1395 563 1546 610 amicis
1573 563 1637 611 fa·
1707 567 1711 597 ¹*

355 617 533 665 bulatus
559 621 633 668 est.
659 624 830 672 Omnes
849 628 1047 687 publicas
1072 631 1265 678 rationes
1290 633 1349 679 ita
1372 635 1636 696 complexus

353 690 441 746 est,
469 704 515 737 ut
544 692 727 742 domum
755 698 974 757 privatam
1009 700 1159 762 quivis
1195 703 1507 764 paterfamilias
1537 706 1635 752 dili·

355 776 461 823 gens
493 779 587 808 non
614 764 713 812 satis
745 769 893 816 novit.
920 772 1071 834 Equos
1102 774 1150 819 δε
1185 791 1314 822 canes
1345 776 1404 823 fic
1431 777 1634 835 amavit,

354 847 407 880 ut
435 835 496 882 eis
516 836 712 899 sepulcra
734 842 1033 893 constitueret.
1055 847 1291 908 Oppidum
1313 851 1631 898 Hadrianothe-

354 929 425 958 ras
445 911 488 956 in
518 914 710 974 quodam
733 916 839 964 loco
855 953 869 975 ,
888 920 1011 980 quod
1036 919 1128 966 illic
1147 922 1196 967 &
1219 921 1406 970 feliciter
1425 925 1527 972 esset
1549 941 1632 973 ve*

354 998 487 1030 natus
506 1021 518 1039 ,
547 988 594 1033 &
616 988 758 1034 ursam
778 992 1008 1038 occidisset
1032 993 1300 1057 aliquando,
1322 996 1566 1045 constituit.

419 1059 543 1106 XXI.
563 1061 635 1106 De
662 1059 881 1120 judicibus
904 1066 1117 1113 omnibus
1148 1066 1317 1130 semper
1341 1072 1496 1117 cundia
1512 1071 1630 1118 seru-⁶

352 1132 521 1186 tando,
549 1134 717 1181 tamdiu
749 1126 1007 1200 requisivit,
1027 1140 1239 1203 quamdiu
1276 1158 1432 1189 verum
1453 1143 1631 1190 inveni-

351 1217 432 1251 ret.
463 1205 669 1254 Libertos
698 1208 800 1256 suos
832 1227 914 1258 nec
940 1211 1036 1259 sciri
1068 1213 1287 1274 voluit-in
1312 1215 1518 1276 publico,
1545 1233 1628 1265 nec

349 1278 520 1341 aliquid
552 1281 668 1342 apud
706 1282 747 1328 se
777 1285 919 1345 poffe.
954 1287 1072 1332 (Ιίἃο
1109 1287 1189 1333 suo
1237 1289 1449 1336 omnibus
1496 1290 1627 1352 supe-
1680 1324 1683 1325 ν

349 1347 542 1397 rioribus
564 1352 846 1415 Principibus
861 1356 970 1402 vitia
994 1356 1220 1419 imputans
1241 1358 1526 1417 libertorum3
1546 1361 1627 1408 da-

349 1422 514 1469 mnatis
547 1424 756 1472 omnibus
785 1427 954 1474 libertis
983 1428 1099 1487 suis,
1131 1431 1394 1495 quicunque
1424 1432 1465 1479 se
1495 1433 1548 1480 de
1567 1450 1625 1480 eo

347 1491 637 1552 {aflaverann
656 1498 788 1544 Unde
813 1498 951 1546 exstat
967 1500 1100 1548 etiam
1121 1501 1232 1548 iliud
1258 1503 1409 1550 severe
1427 1505 1626 1566 quidem,

347 1565 423 1612 sed
463 1583 607 1630 prope
636 1568 835 1629 joculare
855 1608 869 1630 ,
896 1574 949 1619 de
975 1572 1125 1621 servis.
1163 1590 1264 1621 nam
1294 1591 1394 1623 cum
1427 1577 1623 1640 quodam

343 1651 550 1700 tempore
578 1641 755 1689 servum
784 1643 906 1692 suum
933 1644 1050 1694 inter
1079 1647 1192 1693 duos
1222 1647 1442 1696 senatores
1469 1666 1494 1696 e
1513 1668 1623 1698 con·

345 1709 493 1771 spectu
531 1713 757 1761 ambulare
800 1716 1006 1775 vidisset,
1039 1717 1150 1764 mifit
1184 1718 1262 1782 qui
1299 1718 1340 1765 ei
1382 1720 1622 1783 colaphum

344 1783 497 1841 daret,
523 1786 571 1832 &
598 1786 794 1835 diceret:
829 1793 934 1837 Noli
960 1794 1066 1838 inter
1091 1810 1156 1839 eos
1184 1795 1395 1839 ambulare
1415 1829 1428 1850 ‚
1450 1815 1618 1855 quorum

345 1854 421 1918 ff
447 1860 579 1904 adhuc
599 1876 714 1919 potes
729 1863 890 1920 firvus.
917 1865 1037 1910 Inter
1061 1864 1185 1911 cibos
1218 1865 1347 1912 unice
1365 1868 1537 1914 amabat
1559 1880 1619 1916 ted

343 1928 724 1989 trapharmacum‚
738 1935 864 1996 quod
884 1949 975 1981 erat
994 1937 1046 1982 de
1063 1935 1225 1983 fasiano
1239 1972 1251 1993 ,
1270 1937 1462 1996 sumine,
1482 1956 1618 2001 perna

343 2000 395 2049 ὃ(
421 2001 632 2049 crustulo.
665 2007 858 2051 Fuerunt
885 2007 977 2066 ejus
998 2009 1274 2070 temporibus
1305 2010 1460 2068 fames,
1486 2013 1619 2074 pesti-

342 2072 497 2131 lentia,
510 2076 558 2123 &
580 2088 706 2124 terrae
723 2092 896 2128 motus:
915 2098 1013 2143 quae
1031 2082 1200 2142 omnia,
1217 2097 1430 2145 quantum
1452 2087 1618 2147 pontit,

343 2149 634 2209 procuravit,
652 2153 890 2218 multisque
912 2156 1164 2204 civitatibus
1180 2193 1194 2214 ,
1218 2158 1391 2205 vastatis
1412 2176 1488 2220 per
1506 2161 1582 2207 ista
1601 2197 1618 2217 ‚

342 2219 564 2270 subvenit.
581 2224 677 2270 Fuit
692 2225 821 2272 etiam
846 2227 1023 2274 Tiberis
1043 2228 1291 2278 inundatio.
1314 2232 1483 2278 Latium
1505 2235 1616 2279 mul-

342 2292 397 2337 tis
424 2293 683 2344 civitatibus
711 2298 831 2345 dedit
854 2318 866 2347 ε
893 2300 1057 2347 tributa
1082 2303 1234 2349 multis
1266 2304 1440 2351 remisit.
1468 2307 1613 2367 Expe-

340 2365 534 2414 ditiones
558 2368 635 2416 sub
665 2387 722 2418 eo
748 2388 905 2435 graves
934 2375 1068 2420 nullae
1097 2374 1306 2423 fuerunt:
1339 2377 1451 2423 bella
1480 2379 1612 2425 etiam

338 2435 514 2487 silentio
544 2456 670 2505 paene
702 2443 929 2494 tranacta.
967 2448 1007 2494 A
1043 2447 1288 2508 militibus,
1319 2462 1503 2514 propter
1535 2467 1611 2499 cu-
