1714 2807
330 150 482 207 2461
554 144 907 192 FLAVlI
975 141 1407 189 VOPISCI

328 253 572 318 transgredi
597 266 780 316 cuperet
795 288 809 310 ,
828 250 907 316 qui
926 250 1113 298 fataliter
1132 247 1366 298 constituti
1395 245 1506 293 sunt.
1525 244 1611 293 Sed

328 328 412 374 fibi
443 328 599 374 habeat
625 340 738 374 artes
779 325 872 372 suas
908 324 1145 382 timiditas,
1177 321 1388 370 calcanda
1425 318 1613 365 virtuti-

330 400 429 448 bus.
453 400 576 447 Licet
608 401 738 462 plane
758 434 773 456 ,
787 415 839 446 ac
861 396 1042 455 licebit,
1062 412 1140 460 per
1159 393 1487 444 sacratiffimum
1507 389 1615 437 Cae-

332 471 471 519 sarem
504 472 860 528 Maximianum,
897 469 1040 516 Persas
1079 468 1287 525 vincere,
1329 477 1461 527 atque
1496 463 1615 510 ultra

333 561 414 592 eos
451 545 687 608 progredi:
722 546 767 592 δι
807 543 1005 589 futurum
1044 557 1172 599 reor,
1212 540 1242 586 si
1273 556 1296 585 a
1328 536 1490 584 nostris
1520 551 1616 581 non

335 617 560 664 deseratur
584 616 822 680 promiffus
844 616 1079 661 numinum
1109 612 1257 659 favor.
1284 612 1459 657 Bonum
1491 607 1620 654 Prin-

337 691 483 752 cipem
513 691 678 737 Carum
707 688 862 747 fuisse,
885 703 985 734 cum
1017 686 1158 732 multa
1182 683 1412 740 indicant,
1440 693 1533 728 tum
1565 679 1620 725 il·

335 763 415 810 lud
443 764 600 819 etiam,
626 761 752 825 quod
776 760 915 806 statim
945 759 1128 820 adeptus
1157 755 1422 818 imperium,
1444 754 1620 798 Sarma-

337 848 429 894 tas,
447 838 560 883 adeo
587 848 732 882 morte
752 832 888 879 Probi
916 831 1112 887 feroces,
1134 842 1182 876 ut
1201 828 1434 876 invasuros
1456 825 1497 872 se
1526 841 1622 871 non

340 909 487 956 solum
517 907 780 972 illyricum,
809 904 881 951 sed
910 903 1124 952 Thracias
1155 917 1339 965 quoque
1363 899 1624 961 Italiamque

340 983 649 1037 minarentur,
679 980 739 1026 ita
766 978 882 1024 inter
913 976 1027 1024 bella
1057 974 1273 1037 patiendo
1308 970 1545 1028 contudit,
1577 984 1627 1015 ut

341 1054 614 1119 paucissimis
639 1052 793 1099 diebus
821 1050 1076 1097 Pannonias
1103 1047 1333 1095 securitate
1359 1043 1627 1101 donaverit.

342 1129 504 1177 occisis
524 1130 819 1174 Sarmatarum
842 1124 1030 1172 sedecim
1055 1122 1276 1178 millibus,
1296 1118 1437 1182 captis
1465 1115 1628 1164 diversi

345 1201 476 1250 sexus
501 1200 661 1262 viginti
682 1199 893 1245 millibus.
912 1197 1023 1242 Haec
1037 1196 1089 1241 de
1109 1196 1230 1241 Caro
1252 1191 1351 1239 satis
1371 1190 1456 1237 effe
1474 1176 1629 1237 credo.

430 1276 489 1321 X.
519 1262 763 1319 Veniamus
798 1272 851 1318 ad
880 1268 1233 1324 Numerianum,
1271 1263 1397 1325 cujus
1431 1264 1479 1310 &
1515 1260 1631 1307 vici-

347 1348 454 1396 nior
487 1346 626 1409 patri,
654 1347 702 1394 &
732 1341 1036 1392 admirabilior
1061 1356 1139 1401 per
1174 1337 1381 1384 socerum
1410 1333 1533 1380 suum
1563 1332 1632 1379 fa-

350 1423 415 1468 &a
433 1421 610 1466 videtur
630 1417 828 1465 historia.
850 1418 900 1462 Et
925 1412 1131 1478 quamvis
1151 1409 1342 1458 Carinus
1363 1406 1507 1469 major
1526 1418 1633 1452 aeta·-

350 1507 394 1543 te
423 1493 579 1552 fuerit,
614 1492 739 1555 prior
771 1489 904 1538 etiam
943 1488 1090 1535 Cael'ar
1128 1486 1178 1532 sit
1218 1494 1530 1544 nuncupatus;
1564 1491 1635 1525 ta-

351 1586 455 1616 men
500 1566 667 1614 neceffe
703 1565 787 1623 est,
825 1576 873 1609 ut
909 1562 1028 1625 prius
1063 1561 1116 1606 de
1152 1556 1435 1605 Numeriano
1471 1553 1635 1615 loqua-

352 1661 479 1702 mur,
511 1643 590 1706 qui
622 1640 757 1704 patris
786 1640 961 1686 secutus
991 1636 1051 1683 est
1081 1648 1296 1681 mortem:
1333 1628 1434 1692 post
1464 1628 1517 1674 de
1543 1628 1637 1673 Ca-

353 1717 482 1772 rino,
511 1731 643 1778 quem
681 1712 755 1760 vir
790 1709 1051 1773 reipublicae
1093 1703 1383 1761 necessarius,
1418 1682 1640 1763 Augustus

355 1790 672 1840 Diocletianus
689 1824 703 1847 ‚
731 1787 892 1836 habitis
921 1783 1203 1833 conflifflbus
1221 1817 1234 1839 ,
1251 1776 1496 1862 interemit.

582 1941 1398 2006 NUMERIANUS.

357 2164 437 2210 XI.
473 2122 868 2210 Num-:masos
888 2194 900 2215 ,
928 2157 1030 2204 Cari
1064 2153 1206 2212 filius,
1235 2162 1433 2200 moratus
1468 2147 1643 2214 egregie

359 2235 410 2282 &
444 2250 547 2280 vere
584 2234 742 2295 dignus
766 2228 985 2292 imperio,
1015 2224 1272 2288 eloquentia
1293 2223 1424 2270 etiam
1452 2219 1644 2283 praepol·

359 2308 486 2366 lens,
528 2307 639 2353 adeo
672 2318 718 2352 ut
761 2303 940 2366 publice
980 2296 1323 2354 declamaverit,
1355 2294 1644 2355 feranturque

360 2381 481 2429 illius
517 2380 678 2442 scripta
715 2376 919 2434 nobilia,
945 2370 1265 2422 declamationi
1300 2382 1475 2423 tamen,
1511 2381 1645 2428 quam

362 2453 579 2501 Tulliano
619 2447 1036 2502 accommodatiora
1069 2446 1184 2493 stilo.
1216 2441 1356 2490 Versu
1393 2452 1539 2488 autem
1576 2451 1643 2484 ta-
