1637 2785
221 146 725 195 GORmANus
777 144 1155 191 TERTIUS.
1272 157 1329 203 57

48 257 132 304 bus
152 255 384 308 faffionem
408 255 595 310 fecerat,
616 253 729 300 serio
746 253 898 300 animo
921 254 970 301 &
993 252 1223 316 peregrina
1241 250 1334 301 cal-2

50 329 219 376 liditate
241 340 479 375 veneratus
506 327 580 373 est.

131 402 322 448 XXXu.
353 402 528 447 Domus
561 398 901 445 Gordianorum
932 398 1063 445 etiam
1098 415 1219 446 nunc
1251 408 1335 446 exi.

53 474 160 531 flat,
184 489 312 534 qnam
346 472 423 517 iste
455 472 713 518 Gordianus
750 471 1047 533 pulcherrime
1081 471 1337 520 exornavit.'

55 546 128 594 Est
149 547 254 593 villa
278 561 432 592 eorum
465 546 536 591 via
558 544 818 591 Praenestina
833 580 845 601 ,
865 545 1079 591 ducentas
1105 545 1338 591 columnas

57 635 152 665 uno
181 617 397 680 peristylo
420 617 584 662 habens
600 652 612 671 ‚
628 632 813 677 quarum
845 614 1166 678 quinquaginta
1191 616 1342 678 Cary-

57 691 185 746 steae,
210 691 534 755 quinquaginta
563 690 850 746 (J‘zaudianae,
877 689 1197 752 quinquaginta
1224 690 1340 751 Syn·

58 766 193 812 nades
209 801 222 823 ‚
239 765 559 827 quinquaginta
585 763 862 821 Nun-idicae‚
882 763 976 826 pari
999 763 1201 809 mensura
1232 762 1344 809 sunt.

60 839 107 886 in
131 855 217 902 qua
243 839 432 885 basilicae
465 837 728 883 centenariae
760 850 874 882 tres:
907 849 1050 883 cetera
1083 835 1188 882 huic
1215 834 1344 897 operi

63 911 406 967 convenientia,
427 912 474 957 &
496 910 677 958 thermae
692 945 704 966 ‚
729 910 880 972 quales
905 921 1062 970 praeter
1083 910 1274 964 Urbem,
1297 919 1348 954 ut

63 1000 198 1042 tunc,
227 984 438 1045 nusquam
469 983 515 1028 in
538 984 646 1028 orbe
675 994 904 1029 terrarum.
930 980 1122 1028 Familiae
1152 980 1349 1027 Gordia-

66 1059 111 1104 ni
138 1060 229 1104 hoc
257 1058 437 1104 Senatus
468 1057 694 1114 decrevit,
728 1069 776 1102 ut
806 1073 828 1101 a
856 1055 1031 1113 tutelis,
1064 1071 1197 1116 atque
1230 1054 1350 1117 lega·

68 1130 270 1177 tionibus
285 1166 298 1188 ,
313 1132 361 1177 ὅ(
384 1148 404 1176 a
427 1130 616 1191 publicis
634 1129 958 1177 necestitatibus
973 1164 986 1185 ‚
1004 1128 1082 1174 nisi
1105 1128 1136 1173 fi
1155 1127 1352 1183 vellent,

67 1201 232 1264 posteri
260 1201 352 1261 ejus
378 1201 544 1263 semper
574 1213 799 1248 vacarent.
822 1201 974 1262 Opera
999 1198 1221 1246 Gordiani
1250 1199 1352 1243 Ro-

69 1290 152 1320 mae
191 1273 313 1319 nulla
350 1273 547 1330 exstant,
585 1287 745 1335 praeter
785 1272 986 1336 quaedam
1021 1271 1262 1335 nymphaea
1303 1271 1354 1317 &

69 1346 262 1393 balneas.
286 1346 369 1392 Sed
390 1346 561 1392 balneae
590 1346 755 1408 privati
782 1345 977 1393 hominis
999 1344 1206 1402 suerunt,
1231 1347 1278 1392 &
1298 1343 1356 1390 ab

70 1435 128 1467 eo
167 1419 212 1465 in
249 1418 373 1466 usum
414 1420 640 1481 privatum
680 1431 910 1466 exornatae
952 1420 1065 1466 sunt.
1104 1418 1356 1465 Instituerat

69 1491 300 1556 porticum
325 1492 371 1537 {n
399 1508 561 1554 campo
591 1493 755 1539 Martio
781 1493 857 1539 sub
885 1492 1003 1538 colle
1020 1527 1034 1550 ‚
1060 1493 1220 1554 pedum
1252 1490 1358 1543 mil-

72 1563 112 1610 le
130 1598 143 1620 ,
170 1563 230 1609 ita
256 1575 305 1609 ut
333 1564 386 1609 ab
422 1563 558 1619 altera
587 1577 710 1625 parte
739 1579 866 1626 aeque
900 1562 1021 1609 mille
1053 1563 1213 1625 pedum
1246 1575 1359 1623 por-

75 1639 188 1685 ticus
217 1636 370 1694 fieret,
396 1649 526 1699 atque
549 1636 664 1683 inter
688 1653 758 1683 eas
785 1648 954 1698 pateret
978 1635 1165 1699 spatium
1195 1636 1358 1698 pedum

76 1709 453 1772 quingentorum:
481 1709 603 1770 cujus
631 1708 755 1771 spatii
780 1709 885 1756 hinc
909 1721 1041 1772 atque
1063 1708 1167 1755 inde
1193 1707 1359 1756 virida-

77 1783 143 1830 ria
169 1783 330 1840 essent,
358 1783 512 1838 lauro,
538 1796 692 1846 myrto
721 1784 769 1830 &
791 1783 911 1829 buxo
940 1783 1241 1846 frequentata;
1264 1792 1360 1828 med

79 1855 201 1903 dium
224 1870 335 1902 vero
364 1854 666 1901 lithostrotum
683 1890 697 1913 ‚
719 1854 929 1902 brevibus
953 1854 1175 1902 columnis
1200 1853 1361 1901 altrin-

81 1928 206 1976 secus
234 1926 410 1988 politis,
440 1928 489 1974 &
514 1926 689 1990 figillis,
719 1944 797 1990 per
824 1928 956 1990 pedes
982 1918 1123 1974 mille:
1148 1928 1272 1990 quod
1292 1925 1362 1973 es·-

80 2001 145 2048 set
172 1999 601 2058 deambulatorium,
629 1999 689 2046 ita
722 2012 770 2045 ut
799 1999 846 2046 in
877 1999 1024 2062 capite
1054 1999 1229 2046 bafilica
1257 1998 1363 2046 effet

81 2073 246 2138 pedum
279 2073 645 2137 quingentorum.
682 2074 977 2138 Cogitaverat
1011 2085 1223 2136 praeterea
1258 2089 1364 2120 cum

84 2146 322 2204 Misitheo,
348 2160 398 2193 ut
424 2146 521 2209 post
541 2146 760 2194 basilicam
790 2148 982 2194 thermas
1002 2145 1171 2192 aestivas
1189 2144 1254 2191 sui
1273 2160 1365 2190 no-

52 2254 58 2260 ·
86 2221 220 2269 minis
254 2219 442 2287 faceret,
468 2219 527 2266 ita
560 2232 610 2267 ut
643 2220 853 2267 hiemales
885 2219 930 2267 in
959 2219 1186 2282 principio
1216 2218 1366 2282 porti-

88 2306 166 2339 cus
199 2304 414 2353 poneret,
443 2292 492 2339 &
517 2291 596 2338 suo
627 2291 722 2338 usui
749 2291 884 2338 effent
916 2289 990 2338 vel
1014 2288 1253 2348 viridaria,
1286 2288 1366 2336 vel

88 2364 305 2427 porticus.
324 2366 408 2412 Sed
438 2365 530 2413 haec
555 2364 706 2412 omnia
733 2380 855 2412 nunc
882 2363 1162 2424 privatorum
1184 2364 1233 2411 &
1261 2360 1367 2425 pos-z

90 2435 348 2488 seffionibus
359 2472 375 2500 ,
398 2438 446 2487 &
466 2436 638 2499 hortis,
656 2438 704 2488 Se
725 2435 923 2488 aedificiis
941 2449 1161 2502 occupata
1178 2435 1292 2486 sunt.
