1714 2807
311 179 403 228 '166
531 174 1393 223 AELIISPARTIANI

312 298 371 328 eo
407 281 606 346 apparuit
627 317 642 339 ‚
671 282 798 344 quod
831 299 931 329 cum
968 282 1099 328 ludos
1131 282 1362 329 Circenses
1394 280 1590 330 Julianus

313 357 475 403 Romae
506 356 657 412 daret,
682 356 731 402 &
760 354 996 402 indiscrete
1030 354 1226 400 subsellia
1255 355 1377 402 Circi
1407 355 1591 401 maximi

313 430 480 491 repleta
508 430 673 484 essent,
707 429 965 493 ingentique
998 428 1157 488 injuria
1190 429 1383 492 populus
1411 427 1592 476 affestus

318 502 449 555 effer,
481 518 558 564 per
586 517 742 547 omnes
776 518 871 547 uno
909 500 1125 547 consensu
1155 501 1417 547 Pescennius
1458 502 1594 564 Niger

301 576 374 621 fd
401 575 579 621 tutelam
609 575 742 622 Urbis
770 574 829 621 est
854 574 1074 635 expetitus
1091 610 1102 630 ,
1135 575 1273 632 odio,
1302 590 1351 621 ut
1370 575 1594 631 diximus,

317 647 477 694 Juliani
495 683 507 701 ,
525 649 572 694 &
593 664 745 693 amore
765 647 894 693 occisi
911 648 1148 693 Pertinacis
1165 665 1175 692 ε
1191 663 1290 693 cum
1317 647 1495 709 quidem
1516 648 1595 692 Ju-

315 719 460 766 lianus
491 720 641 765 dixisse
674 718 841 774 fertur,
871 720 1075 782 Nec-fibi,
1101 739 1223 780 neque
1249 721 1472 779 Pescennio
1499 725 1592 765 lon·

313 810 413 855 gum
441 796 653 852 imperium
683 795 812 837 deberi
827 794 930 853 ,sed
950 796 1121 845 Severo,
1137 795 1207 853 qui
1236 796 1367 853 magis
1387 792 1472 854 effct
1498 795 1596 838 odio

317 867 526 910 habendus
546 884 572 909 a
598 867 864 910 Senatorilms
879 901 892 922 ,
911 868 1114 911 militibus
1129 900 1141 921 ,
1153 867 1478 925 provincialibus
1491 900 1501 917 .
1515 884 1593 925 po·

313 943 545 999 palaribus.
577 940 702 1001 quod
732 940 945 1001 probavit
983 939 1045 986 rei
1086 953 1288 985 eventuS.
1322 940 1376 984 Et
1412 939 1596 986 Pescen-

318 1012 419 1057 nius
435 1012 612 1073 quidem
632 1012 801 1057 Severo
823 1027 879 1057 eo
900 1025 1104 1073 tempore
1119 1047 1132 1066 ,
1149 1028 1240 1074 quo
1256 1012 1593 1074 Lugdunensem

322 1085 610 1147 provinciam
658 1086 860 1148 regebat,
897 1085 1178 1132 amicissimus
1217 1085 1320 1131 fuit:
1366 1103 1466 1131 nam
1507 1085 1597 1147 ipse

322 1157 472 1204 miss'us
491 1171 580 1204 erat
598 1158 650 1204 ad
668 1159 1118 1220 comprehendendos
1140 1158 1409 1216 desertores,
1431 1159 1506 1222 qui
1529 1160 1597 1204 in-

320 1235 497 1278 numeri
521 1234 688 1279 Gallias
717 1247 820 1280 tunc
841 1234 1076 1279 vexabant.
1100 1237 1146 1279 ln
1172 1251 1265 1296 quo
1293 1234 1449 1280 officio
1473 1236 1596 1297 quod

321 1303 366 1350 se
400 1305 583 1351 honeste
615 1305 766 1368 gestit,
795 1304 1154 1364 jucundissimum
1193 1305 1276 1352 fuit
1312 1308 1509 1363 Severo,
1538 1306 1597 1353 ita

319 1389 374 1422 ut
403 1377 455 1422 de
485 1393 542 1423 eo
572 1378 624 1423 ad
650 1379 955 1424 Commodum
983 1378 1222 1440 Septimius
1252 1377 1461 1435 referret,
1494 1377 1596 1423 affe·

322 1464 424 1494 rens
449 1448 731 1496 necessarium
754 1449 1009 1511 reipublicae
1037 1449 1197 1495 virum.
1220 1452 1275 1496 Et
1299 1466 1450 1496 revera
1481 1449 1525 1494 in
1551 1465 1599 1496 re

324 1519 507 1566 militari
533 1521 772 1567 vehemens
798 1521 892 1568 fuit.
914 1522 1150 1584 Nunquam
1173 1523 1250 1568 sub
1273 1539 1330 1568 eo
1350 1523 1472 1568 miles
1494 1540 1600 1584 pro·

325 1590 511 1638 vinciali
535 1591 702 1655 lignum
716 1629 729 1649 ‚
751 1593 900 1639 oleum
915 1628 928 1650 ‚
947 1610 1130 1654 operam
1150 1595 1347 1642 extorsit.
1368 1595 1456 1657 ipse
1476 1612 1499 1641 a
1518 1596 1600 1642 mi·

324 1661 404 1707 lite
432 1661 541 1708 nihii
569 1664 765 1725 accepit,
795 1681 894 1710 cum
921 1664 1169 1711 tribunatus
1196 1678 1370 1728 ageret,
1394 1666 1502 1712 nihil
1527 1683 1600 1714 ac-

327 1734 416 1796 cipi
451 1735 588 1796 paffus
618 1735 691 1782 est.
721 1738 834 1782 Nam
865 1738 912 1784 δι
946 1739 1187 1798 Imperator
1215 1737 1421 1784 tribunos
1457 1737 1600 1797 duos,

326 1820 441 1864 quos
469 1806 668 1852 constitit
692 1806 930 1853 stellaturas
952 1808 1166 1869 accepisse
1186 1845 1198 1865 ,
1228 1809 1444 1868 lapidibus
1467 1810 1598 1857 obrui

326 1877 382 1922 ab
411 1878 697 1938 auxiliaribus
727 1878 854 1937 juffit.
881 1881 1024 1927 Exstat
1045 1876 1413 1941 epistota'Severi
1431 1919 1444 1939 ,
1467 1899 1597 1945 quam

326 1947 477 1995 scribit
494 1951 547 1995 ad
571 1951 822 2013 Ragonium
850 1951 1028 1998 Celsum
1045 1953 1211 1999 Gallias
1234 1966 1455 2014 regentem
1474 1970 1485 1999 ε
1506 1955 1600 1998 Μί-

314 2021 454 2081 strum
483 2023 556 2085 est,
592 2039 638 2068 ut
657 2025 813 2068 imitari
838 2023 928 2079 ejus
961 2025 1228 2085 disciplinam
1263 2028 1481 2070 militarem
1512 2044 1599 2070 non.

316 2092 550 2155 poffimus,
574 2111 687 2154 quem
717 2096 817 2140 bello
849 2098 1036 2141 vicimus,
1070 2097 1232 2141 Milites
1269 2098 1332 2141 tui
1364 2113 1598 2158 vagantur,

323 2166 479 2212 tribuni
501 2167 635 2210 medio
658 2168 723 2212 die
744 2171 910 2220 lavant,
924 2185 1000 2226 pro
1019 2169 1210 2212 tricliniis
1225 2169 1405 2227 popinas
1426 2171 1601 2225 liabent,

321 2256 399 2298 pro
423 2241 645 2295 cubiculis,
674 2241 901 2285 meritoria:
919 2240 1111 2299 fizltant,
1138 2243 1305 2296 bibunt,
1337 2256 1529 2293 cantant,
1555 2238 1599 2285 G·

330 2313 532 2372 mensuris
550 2314 827 2360 conviviorum
845 2330 1019 2369 vacant,
1034 2332 1121 2359 curn
1129 2314 1225 2377 fine
1246 2316 1431 2375 mensura
1445 2332 1600 2374 potent.

327 2385 457 2440 Haec,
491 2405 506 2430 ι
527 2390 614 2430 ulla
634 2404 737 2431 vena
756 2404 933 2447 paternae
957 2388 1182 2447 disciplinae
1211 2390 1255 2431 in
1276 2391 1394 2432 nobis
1424 2389 1591 2444 viveret,

319 2456 500 2517 fierent?
528 2460 720 2509 Emenda
747 2462 872 2523 igitur
894 2463 1072 2521 primum
1106 2463 1317 2518 tribunos,
1348 2463 1492 2508 deinde
1515 2462 1597 2510 mi<a
