1637 2785
341 125 840 173 ANTOans
893 127 1125 174 GETA.
1277 142 1367 190 203

85 234 140 280 tis
169 235 298 281 Getae
327 233 518 280 natalem
546 233 739 281 Severus
767 234 1087 281 commendare
1107 231 1373 293 vellet,h0-

86 306 211 353 stiam
233 323 353 369 popa
378 305 565 352 nomine
584 305 845 352 Antoninus
868 306 1096 368 percu-Hit:
1117 308 1243 371 quod
1267 322 1374 356 tune

87 397 172 427 nec
193 381 421 444 quaefitum
439 415 454 439 ‚
479 395 562 427 nec
581 378 964 440 animadversum,
988 380 1087 444 post
1111 396 1225 431 vero
1240 379 1375 429 intel-

84 454 247 501 ]cfium
267 452 345 500 est.

150 528 228 573 1V.
249 526 348 572 Fuit
367 518 624 573 adolescens
643 524 846 573 moribus
868 523 1030 589 asperis
1044 560 1059 584 ‚
1078 523 1153 572 sed
1173 540 1268 573 non
1288 525 1376 576 im-

82 598 195 661 piis,
219 615 244 644 a
274 611 432 645 natura
460 599 683 657 decorus,
715 599 957 658 tractator,
989 598 1203 661 gulosus,
1242 599 1374 661 cupi-

85 671 165 717 dus
185 671 392 719 ciborum
416 673 464 719 &
488 671 586 718 vini
608 671 732 719 varie
752 672 941 720 conditi.
962 670 1106 731 Hujus
1134 670 1243 717 illud
1264 687 1375 733 pue-

84 743 121 788 ri
149 742 289 789 fertur
315 743 513 807 insigne,
544 744 670 807 quod
702 761 803 791 cum
835 744 974 791 vellet
1001 744 1195 807 partium
1227 744 1376 790 diver-

84 815 225 861 sarum
255 815 384 863 viros
410 818 601 864 Severus
629 817 870 875 occidere,
901 818 951 864 &
975 816 1093 863 inter
1122 814 1225 863 suos
1253 815 1374 864 dice-

85 901 153 933 ret
170 923 184 945 ‚
210 890 355 957 Hostes
379 892 494 936 vobis
519 891 649 951 eripio
662 910 683 948 ,·
708 889 1073 954 consentiretque
1095 890 1210 936 adeo
1233 889 1375 952 usque

84 960 332 1019 Baffianus,
362 974 411 1008 ut
433 977 596 1008 eorum
624 962 756 1009 etiam
786 962 978 1019 liberos,
1001 962 1033 1009 fi
1057 961 1135 1008 fibi
1163 961 1376 1018 consule-

83 1047 176 1094 ret,
212 1034 378 1083 diceret
406 1036 710 1084 occidendos:
745 1038 862 1084 Geta
892 1035 1177 1100 interrogasse
1207 1035 1375 1096 fertur,

84 1122 279 1172 quantus
310 1111 418 1158 effet
449 1110 871 1159 interficiendorum
911 1127 1146 1160 numerus:
1179 1127 1377 1175 cumque

84 1184 259 1231 dixisset
286 1197 439 1247 pater,
471 1184 547 1232 ille
580 1185 909 1249 interrogavit,
939 1186 1012 1252 Isti
1043 1188 1194 1232 habent
1217 1204 1378 1246 paren-

84 1275 169 1313 tes,
202 1260 350 1304 habent
366 1261 661 1320 propinquos?
697 1275 800 1305 cum
835 1258 1095 1321 responsum
1125 1257 1258 1318 esset,
1300 1260 1376 1305 ha-

83 1331 188 1377 bere
229 1332 510 1394 complures:
539 1335 655 1393 Ergo
684 1334 732 1378 in
761 1327 951 1390 civitate,
977 1331 1066 1390 ait,
1089 1336 1228 1394 plures
1256 1347 1382 1378 erunt

82 1405 235 1470 tristes,
262 1425 384 1466 quam
416 1409 502 1453 laeti
520 1441 533 1463 ,
551 1409 665 1468 quod
692 1409 882 1453 vicimus.
914 1407 971 1451 Et
994 1405 1256 1453 obtinuiffet
1278 1405 1374 1465 ejus

83 1476 298 1525 sententia
313 1513 325 1535 ,
345 1478 425 1525 nisi
444 1478 698 1525 Plautianus
713 1478 949 1527 PraefeElus
969 1479 1043 1526 vel
1061 1476 1288 1525 luvenalis
1305 1476 1377 1523 in·-

79 1551 282 1599 stitiffent
306 1552 380 1616 spe
399 1552 807 1616 proscriptionum,
830 1569 888 1598 ex
917 1551 1083 1615 quibus
1110 1550 1238 1598 ditati
1260 1551 1376 1598 sunt.
1405 1589 1408 1592 .

83 1627 166 1673 His
186 1627 428 1674 accedebat
453 1627 638 1674 Baffiani
662 1626 809 1674 fratris
832 1625 973 1672 nimia
999 1625 1263 1673 crudelitas:
1290 1623 1370 1687 qui

85 1717 189 1747 cum
214 1699 524 1756 contenderet,
544 1701 595 1747 &
613 1700 781 1747 diceret
799 1698 919 1762 quafi
939 1697 1049 1760 joco
1062 1735 1075 1756 ‚
1091 1697 1211 1761 qnafi
1231 1697 1345 1744 serio
1358 1732 1374 1756 ,

86 1791 245 1822 omnes
262 1791 362 1821 cum
386 1774 537 1821 liberis
559 1773 837 1822 occidendos
857 1773 1048 1835 partium
1071 1770 1375 1829 diversarum,

85 1851 200 1895 Geta
234 1850 275 1895 ei
305 1848 462 1895 dixiffe
483 1848 678 1906 dicitur,
710 1851 799 1903 Tu,
834 1849 906 1909 qui
930 1849 1040 1893 nulli
1063 1848 1229 1908 parcis,
1253 1861 1374 1907 potes

87 1924 209 1967 etiam
225 1921 405 1981 fratrem
429 1922 620 1967 occidere.
641 1922 767 1984 quod
793 1920 959 1967 dictum
984 1919 1080 1980 ejus
1098 1932 1210 1968 tunc
1233 1919 1374 1976 nihil,

83 1992 184 2055 post
207 2009 320 2038 vero
342 1992 558 2057 praesagio
578 1992 678 2039 fuit.

149 2066 208 2111 V.
236 2065 334 2112 Fuit
358 2064 403 2110 in
433 2064 574 2112 literis
609 2065 882 2128 assequendis
920 2066 969 2113 &
1001 2075 1136 2112 tenax
1166 2076 1371 2112 veterum

83 2137 353 2200 scriptorum
371 2173 383 2195 ,
405 2139 454 2186 &
472 2150 755 2200 paternarum
781 2138 912 2186 etiam
932 2137 1250 2186 sententiarum
1274 2153 1374 2183 me-

82 2227 212 2270 mor,
241 2211 366 2260 fratri
392 2212 563 2276 semper
585 2213 756 2260 invisus
775 2249 789 2271 ,
811 2213 940 2261 matri
963 2212 1222 2268 amabilior,
1239 2228 1370 2274 quam

83 2284 248 2342 frater,
269 2285 505 2341 subbalbe,
525 2298 673 2334 tamen
693 2302 898 2334 canorus.
922 2285 1116 2333 Vestitus
1135 2284 1264 2331 nitidi
1288 2301 1371 2332 cu-

84 2355 355 2418 pidiffimus,
384 2357 445 2404 ita
471 2369 522 2404 ut
545 2359 659 2420 patri
691 2359 890 2405 doleret:
913 2359 943 2405 fi
969 2358 1077 2420 quid
1107 2357 1327 2420 acciperet
1345 2375 1371 2404 a

85 2429 404 2492 praesentibus,
435 2430 481 2479 id
513 2432 566 2479 ad
597 2431 724 2480 suurn
760 2431 952 2480 contulit
986 2431 1187 2497 cultum,
1224 2446 1369 2494 neque
