1637 2785
373 135 1008 184 HADR1ANUS.
1276 150 1333 198 17

52 248 110 294 ‘&
149 241 395 293 nonnullos
433 241 597 288 milites
645 241 867 289 insecutus
909 242 985 290 est.
1030 243 1087 289 Et
1127 243 1338 306 quamvis

59 319 164 368 effet
199 316 404 366 oratione
424 318 473 364 &
503 317 632 363 versu
671 317 1016 379 promtiffimus‚
1036 319 1085 365 &
1113 317 1159 365 in
1185 318 1342 368 om‘ni-

60 393 141 440 bus
158 390 324 438 artibus
346 388 628 452 peritiffimus
645 424 658 445 ‚
673 401 820 435 tamen
845 387 1111 450 profeffores
1131 391 1341 440 omnium

59 466 216 514 artium
245 463 443 526 semper,
469 477 518 509 ut
550 463 750 520 doffior,
772 461 887 518 rifit,
907 463 1172 521 contemsit,
1199 466 1343 513 obtri-

59 538 142 588 vit.
161 537 279 584 Cum
310 536 377 583 his
405 536 505 598 ipfis
535 535 855 598 professoribus
881 537 930 583 &
958 535 1266 598 philosophis,
1287 539 1344 589 li-:

57 611 148 660 bris
178 609 253 657 vel
281 608 548 656 carminibus
580 608 779 654 invicem
808 607 962 665 editis,
994 606 1109 669 saepe
1138 610 1342 660 certavit.

58 686 116 731 Et
142 682 392 730 Favorinus
418 681 597 745 quidem
613 717 624 737 ,
645 697 744 728 cum
768 680 960 726 verbum
985 679 1080 741 ejus
1113 683 1344 744 quoddam

58 756 115 803 ab
138 755 367 802 Hadriano
388 754 703 817 reprehensum
727 753 830 800 effet
845 788 856 810 ,
876 767 1010 816 atque
1031 753 1105 800 ille
1131 755 1345 812 cessiffet;

59 828 344 892 arguentibus
364 828 514 875 amicis
528 864 541 885 ,
564 828 689 891 quod
709 827 820 873 male
841 828 1017 874 cederet
1038 828 1268 877 Hadriano
1290 832 1347 877 de

59 902 231 957 verbo,
253 901 376 963 quod
403 900 558 947 idonei
577 900 778 947 au&ores
805 900 1101 963 usurpassent,
1118 902 1250 950 risum
1269 903 1348 964 ju-

59 972 369 1020 cundiffimum
389 973 552 1019 movit.
575 974 636 1019 ait
655 974 774 1019 enim
791 975 914 1021 :Non
937 977 1248 1036 reflesuaa’etz's,
1264 980 1345 1035 fa-

61 1046 267 1100 miliares,
288 1044 358 1104 qui
381 1061 467 1088 non
491 1044 698 1104 patimini
722 1062 783 1089 me
813 1047 930 1090 illum
956 1046 1171 1094 doHiorern
1204 1055 1348 1103 omna}

64 1119 139 1162 bus
156 1119 306 1162 credere
318 1150 330 1172 ,
347 1118 418 1176 qui
434 1117 554 1161 habet
575 1117 750 1177 triginta
770 1119 960 1178 legiones-

128 1189 253 1233 XVl.
275 1189 417 1233 Famae
439 1186 623 1233 celebris
642 1188 894 1234 Hadrianus
918 1201 1006 1235 tam
1031 1189 1218 1253 cupidus
1235 1191 1348 1253 suit,

64 1271 113 1307 ut
133 1260 271 1306 libros
306 1259 414 1306 vitae
443 1258 554 1316 suae,
583 1259 773 1320 scriptos
795 1277 818 1307 a
845 1260 909 1317 se,
935 1261 1105 1310 libertis
1134 1264 1219 1311 suis
1248 1265 1349 1313 lite-

63 1331 169 1381 ratis
193 1331 363 1379 dederit
378 1366 391 1389 ‚
413 1330 572 1392 jubens
590 1367 602 1389 ‚
623 1345 672 1378 ut
696 1348 773 1379 eos
797 1333 881 1379 suis
910 1334 1170 1382 nominibus
1196 1338 1350 1398 publi-

65 1419 243 1454 carent:
273 1422 374 1451 nam
401 1405 659 1469 Phlegontis
691 1407 822 1463 libri,
849 1407 1063 1454 Hadriani
1088 1409 1171 1455 effe
1192 1409 1349 1457 dicun-

67 1494 156 1528 tur.
173 1479 466 1527 Catacrianos
487 1480 628 1526 libros
647 1479 978 1527 obscurissimos
995 1517 1007 1538 ,
1029 1482 1350 1533 Antimachum

66 1553 313 1610 imitando,
331 1551 512 1612 scripfit.
534 1553 672 1598 Floro
693 1567 838 1614 poetae
865 1553 1073 1601 scribenti
1093 1555 1148 1601 ad
1167 1555 1208 1602 se
1224 1590 1241 1615 ,

227 1629 324 1688 Ego
343 1629 441 1671 nolo
465 1627 600 1686 Ceasar
614 1625 686 1689 effe
699 1661 713 1683 ‚

229 1703 459 1747 Ambulare
469 1719 543 1761 per
562 1703 795 1748 Britannos
807 1736 825 1758 ,

232 1775 454 1833 Scytlzicas
474 1775 571 1833 pati
593 1775 798 1834 pruinas,

71 1843 312 1907 rescripsit:

232 1920 330 1979 Ego
359 1922 456 1963 nolo
481 1919 631 1965 Floras
657 1916 754 1981 effe,

232 1993 461 2039 Ambulare
491 2011 565 2052 per
587 1985 777 2037 tabernas
792 2024 808 2048 ,

234 2067 420 2110 Latitare
441 2083 519 2125 per
540 2066 753 2126 popinas,

239 2141 396 2184 Calices
418 2138 516 2198 pati
544 2141 757 2184 rotundos.

77 2209 261 2256 Amavit
281 2226 493 2271 praeterea
519 2227 655 2274 genus
683 2208 863 2257 dicendi
892 2208 1128 2258 vetustum.
1161 2223 1354 2260 controi

76 2283 240 2331 verfias
261 2284 770 2337 declamavit.Ciceroni
788 2286 1009 2330 Catonem
1026 2319 1039 2339 ,
1055 2286 1246 2348 Virgilio
1265 2289 1353 2333 En·

79 2357 228 2414 nium,
250 2357 455 2404 Sallustio
484 2359 688 2404 Coelium
720 2358 927 2420 praetulit.
951 2358 1193 2422 eademque
1220 2358 1354 2419 jaCta-

79 2429 206 2476 tione
223 2429 277 2476 de
299 2431 501 2477 Homero
522 2448 572 2479 ac
590 2431 777 2479 Platone
796 2430 1026 2492 judicavit.
1048 2432 1278 2480 Mathefim
1295 2433 1355 2481 fic

179 2504 346 2565 Scriptc.
376 2505 437 2551 H.
469 2507 532 2554 A.
1050 2505 1084 2550 Β
