1714 2807
318 160 410 194 110
559 146 949 192 TREBEL'LH
997 146 1392 198 POLLIONIS

316 269 475 300 omnes
502 252 799 316 intellfgerent
818 289 832 311 ‚
859 253 1087 301 hominem
1128 255 1407 302 luxuriosum
1441 255 1598 303 crude:

314 325 525 373 liffimum
554 326 637 371 ess'e
655 359 667 379 ‚
696 324 726 371 si
762 327 988 375 neceffitas
1017 327 1223 389 postulet.
1255 329 1477 374 Gallienus
1513 332 1598 372 Ve-

317 401 454 443 riano.
485 401 584 442 Non
616 400 721 442 mihi
749 398 1022 458 fhtisfacies,
1038 400 1088 463 si
1114 415 1277 444 tanturn
1309 416 1491 445 armatos
1528 417 1599 444 oc-

320 472 466 516 cideris
481 505 495 528 ‚
513 489 614 531 quos
635 468 678 516 6*
691 471 788 529 fors
809 474 905 516 belli
921 474 1145 517 interimere
1162 473 1366 536 potuzffet.
1388 475 1601 519 Perimerz-

320 547 398 589 dus
434 546 485 609 est
515 547 654 589 omnis
679 545 812 604 sexus
847 546 1006 599 virilis,
1031 546 1080 607 st
1108 543 1150 589 δ’
1169 545 1289 605 fimes
1319 563 1434 606 atque
1469 548 1601 604 impu-

322 619 429 660 beres
440 616 535 678 sine
556 616 847 676 reprehensione
879 616 1012 679 nestra
1037 618 1168 660 occidi
1193 615 1365 677 poffint.
1399 617 1601 662 Occiden-

323 692 401 734 dus
422 688 473 748 est
490 723 502 743 ,
523 689 748 747 quicunque
771 690 876 730 male
896 688 1027 730 voluit
1040 702 1055 729 .·
1081 688 1319 731 occidendus
1340 688 1414 751 esi,
1427 690 1602 747 quicun-

323 779 396 822 que
425 765 529 806 male
563 763 676 804 dixit
710 776 853 804 contra
891 777 952 802 me
973 792 986 814 ,
1027 775 1167 803 contra
1203 763 1415 806 Valeriani
1436 761 1602 818 filium,

325 850 466 879 contra
485 848 544 878 tot
566 834 808 891 Principum
829 847 986 891 patrem
1014 829 1056 876 fr
1076 831 1264 889 fratrem.
1295 836 1504 894 Ingenuus
1524 833 1604 891 fa-

326 908 412 952 Hus
447 908 499 972 est
535 908 774 964 Imperator.
815 908 965 950 Lacera
984 941 997 963 ,
1020 908 1178 961 occide,
1209 910 1395 953 concide:
1417 911 1605 953 animum

327 1000 459 1026 meum
493 981 711 1040 intelligere
736 995 887 1039 potes,
913 999 1000 1027 mea
1034 997 1162 1027 mente
1192 982 1381 1042 irascere,
1415 985 1487 1042 qui
1525 985 1607 1028 lzaec

328 1073 459 1100 marne
478 1051 746 1115 meafiripfia

388 1212 520 1270 IX.
592 1213 727 1269 DE
794 1214 1563 1274 REGILLIANO.

335 1417 394 1464 X.
418 1376 576 1463 Fm
608 1414 782 1478 publici
815 1413 928 1473 fuit,
948 1428 994 1461 ut
1027 1415 1221 1462 Gallieni
1245 1427 1472 1478 ternpore,
1508 1418 1611 1479 qui-

335 1508 516 1554 cunque
542 1490 713 1552 potuit,
741 1490 796 1536 ad
818 1490 1052 1552 imperium
1080 1490 1312 1553 prosiliret.
1341 1492 1613 1555 Regillianus

337 1563 552 1627 denique,
572 1562 617 1610 in
640 1561 828 1626 Illyrico
855 1563 1064 1610 ducatum
1091 1580 1243 1626 gerens
1258 1601 1272 1622 ,
1294 1567 1538 1626 Imperator
1556 1564 1616 1610 est

337 1636 506 1693 faeius,
536 1636 790 1682 aii&0ribus
825 1634 1000 1697 imperii
1032 1636 1213 1693 Moesis,
1246 1637 1321 1699 qui
1360 1653 1460 1683 cum
1491 1639 1618 1700 lnge·

340 1727 435 1756 nuo
462 1710 636 1756 fuerant
659 1722 761 1756 ante
789 1708 980 1770 superati
997 1727 1010 1765 ·‚
1026 1709 1071 1755 in
1091 1725 1282 1772 quorum
1302 1722 1502 1770 parentes
1523 1726 1617 1771 gra-

339 1783 457 1831 viter
487 1783 719 1828 Gallienus
749 1781 958 1829 saevierat.
990 1783 1073 1829 Hic
1104 1795 1246 1828 tamen
1279 1783 1416 1828 multa
1443 1782 1619 1828 fortiter

337 1870 501 1906 contra
521 1859 736 1903 Sarmatas
756 1857 902 1920 geffit:
931 1856 1029 1912 sed,
1058 1856 1313 1903 tardioribus
1341 1856 1618 1912 Roxolanis,

339 1931 807 1994 consentientibusque
834 1931 1047 1978 militibus
1065 1966 1078 1989 ‚
1102 1932 1150 1978 &
1173 1930 1336 1977 timore
1356 1930 1620 1992 provincia·

340 2006 449 2051 lium
466 2041 480 2059 .,
505 2022 560 2051 ne
585 2005 744 2050 iterum
773 2005 1003 2050 Gallienus
1027 2003 1237 2067 graviora
1266 2002 1457 2059 faceret,
1482 2003 1620 2048 inter-

343 2089 485 2124 emtus
511 2077 586 2123 est.
612 2076 815 2122 Mirabile
840 2076 1016 2122 fortaffe
1047 2075 1275 2132 videatur,
1295 2076 1466 2138 fi‚quae
1490 2075 1622 2138 origo

344 2148 520 2210 imperii
550 2148 643 2210 ejus
673 2148 831 2205 fuerit,
864 2150 1123 2195 declaretur.
1154 2147 1331 2193 militari
1366 2147 1483 2193 enim
1513 2148 1621 2209 ioco

341 2237 478 2283 regna
506 2222 766 2282 promeruit.
791 2224 904 2269 Nam
927 2240 1029 2269 cum
1056 2222 1217 2268 milites
1237 2223 1413 2284 quidam
1441 2238 1540 2269 cum
1565 2239 1621 2268 eo

344 2308 605 2349 coenarent,
631 2294 791 2342 exstitit
821 2295 1082 2341 Valerianus
1110 2295 1365 2349 Tribunus,
1398 2295 1474 2358 qui
1500 2295 1623 2340 dice-

346 2379 442 2422 ret,
471 2370 701 2428 Regilliarzi
732 2385 879 2412 nomen
916 2371 1021 2413 unde
1052 2371 1248 2412 credimus
1279 2368 1467 2412 diffum?
1500 2367 1623 2413 Alius

346 2440 569 2488 continuo
586 2474 603 2500 ,
625 2442 864 2503 Credimus,
885 2443 994 2502 quod
1014 2460 1038 2487 a
1057 2458 1189 2503 regno.
1210 2440 1328 2487 Tum
1351 2439 1413 2500 is,
1439 2439 1514 2504 qui
1544 2440 1621 2486 ad-
