1714 2807
344 173 435 203 210
570 156 1501 203 FLAVIIVOPISC1>

424 265 498 310 IV.
530 261 729 324 Epistola
763 260 1003 309 Valeriani.
1038 264 1292 309 Valerianus
1314 278 1436 324 pater
1463 265 1625 310 Gallie-

341 356 395 382 no
412 339 540 393 filis),
571 333 790 396 Augustus
830 333 1030 397 Augusto.
1065 336 1129 379 Et
1160 352 1289 380 meum
1312 334 1480 393 secutus
1498 335 1626 390 judi-

341 411 479 465 cium,
517 410 628 469 quod
653 408 816 467 semper
851 409 899 452 de
936 408 1073 452 Probo
1110 409 1357 468 adolescente
1378 411 1518 468 primo
1545 411 1626 453 Iza-

339 488 412 530 bui
433 520 445 542 ‚
479 481 521 529 δ’
553 487 740 530 omniurn
774 486 1001 541 bonorum,
1041 485 1112 544 qui
1143 488 1312 531 eundern
1334 486 1411 545 sui
1437 484 1628 530 nominis

339 561 473 604 virum
501 558 677 614 dicunt,
704 558 958 602 tribunatum
989 560 1035 600 irz
1071 575 1160 602 eum
1193 562 1378 615 contuli,
1410 560 1523 602 datis
1542 558 1626 616 sex

340 633 572 678 cohortibus
598 634 849 685 Saracenis,
882 633 1045 676 creditis
1067 634 1189 676 etiam
1215 634 1499 679 auxiliaribus
1521 633 1628 678 Gal·

339 710 421 762 lis,
454 724 546 751 cum
579 723 625 749 ea
655 705 874 763 Persarum
900 721 1051 758 manu,
1085 722 1208 763 quarn
1243 706 1364 750 nobis
1388 701 1627 768 Artabaffis

339 782 478 838 Syrus
502 778 770 837 mancipavit.
799 776 854 820 Te
880 777 1038 836 quaefo,
1048 777 1120 833 fili
1136 777 1358 839 carzffi'me,
1379 794 1426 823 ut
1446 795 1534 823 eurn
1553 778 1629 833 ju-

337 869 475 895 venem
493 883 506 906 ‚
530 867 644 909 quem
682 848 843 892 imitari
867 849 1008 906 pueris
1051 851 1244 893 omnibus
1272 852 1393 905 volo,
1430 849 1480 893 in
1510 863 1629 895 tanto

339 924 492 968 habeas
519 924 697 977 honore,
726 935 927 980 quantum
963 924 1132 966 virtutes
1164 922 1252 978 ejus
1283 919 1326 967 G·
1356 925 1526 978 merita,
1548 939 1630 982 pro

339 999 473 1041 debito
500 997 649 1040 mentis
662 994 884 1053 splendore
899 1028 915 1049 ,
943 994 1186 1057 dffl‘derant.
1220 993 1319 1040 Alia
1353 993 1542 1056 epistola
1571 995 1629 1041 de

340 1069 501 1114 eodem
531 1067 584 1112 ad
614 1065 872 1112 Praefeflum
907 1066 1124 1127 praetorio
1153 1083 1257 1113 cum
1288 1066 1463 1114 salario.
1499 1072 1631 1113 Vale-

341 1144 484 1186 rianus
512 1140 726 1202 Augustus
752 1141 919 1184 Mulvio
947 1139 1177 1185 Gallicano
1213 1139 1409 1197 Praefeilo
1428 1141 1630 1199 praetorii.

341 1212 520 1258 Miraris
523 1211 730 1274 fhrtaffi's,
749 1215 860 1271 quod
877 1229 948 1272 ego
973 1214 1184 1258 imberbem
1209 1214 1435 1258 Tribunum
1442 1213 1633 1270 fecerim,

341 1300 486 1330 contra
513 1285 775 1349 constiturum
808 1284 922 1328 Divi
952 1284 1187 1330 Hadriani.
1225 1287 1310 1334 Sed
1337 1302 1423 1330 non
1454 1289 1629 1332 multum

343 1360 559 1404 miraberis
581 1390 595 1410 ‚
612 1356 660 1419 ss
698 1359 877 1402 Probum
899 1359 1054 1418 cogitas
1069 1391 1083 1414 ‚
1112 1359 1401 1417 adolescentem
1424 1375 1509 1403 vere
1529 1378 1630 1418 pro-

344 1436 473 1479 bum:
509 1448 720 1490 nunquam
764 1433 872 1475 enirn
903 1434 1026 1476 aliud
1056 1433 1187 1488 milzi,
1218 1450 1309 1477 curn
1347 1449 1436 1476 eum
1468 1434 1628 1492 cogito,

344 1505 426 1568 nisi
449 1522 596 1550 nomen
623 1506 805 1549 occurrit.
835 1504 965 1564 Quod
995 1505 1079 1569 nisi
1110 1523 1258 1550 nornen
1287 1507 1471 1559 haberet,
1495 1506 1631 1563 potuit

345 1579 486 1623 habere
515 1594 754 1638 cognomen.
783 1576 902 1621 Huic
928 1576 1056 1637 igitur
1091 1580 1187 1621 dari
1207 1577 1399 1633 jubebis,
1431 1579 1628 1636 quoniam

347 1650 562 1695 mediocris
576 1648 756 1706 fortuna
785 1648 860 1712 est,
889 1664 934 1693 ut
957 1647 1046 1703 ejus
1073 1648 1259 1709 dignitas
1284 1650 1543 1694 incrementis
1556 1649 1630 1705 ju·

346 1740 486 1780 vetur,
508 1724 672 1768 tunicas
699 1721 862 1780 rufulas
892 1726 999 1768 duas
1015 1757 1028 1779 ,
1051 1724 1191 1783 pallia
1222 1723 1393 1768 Gallica
1418 1723 1632 1782 duorfibu-

348 1802 467 1852 lata,
497 1797 694 1847 interulas
714 1798 1005 1857 paragaudias
1029 1799 1162 1852 duas,
1182 1798 1379 1856 patinam
1401 1813 1632 1858 argenteam

351 1874 548 1916 librarum
570 1872 700 1914 decem
716 1871 984 1930 specillatam
999 1904 1011 1925 ‚
1032 1887 1175 1915 aureos
1193 1872 1519 1915 Antoninianos
1540 1889 1631 1916 cen·-

348 1960 460 2000 tum‚
485 1956 694 2002 argenteos
719 1946 973 1988 Aurelianos
997 1943 1135 1998 mille,
1160 1960 1279 1988 areos
1301 1944 1538 2002 Philippeos
1564 1946 1634 1987 de·-

352 2032 434 2060 cem
452 2013 604 2058 millia.
629 2014 728 2058 Item
747 2015 790 2057 in
805 2015 971 2071 salario
991 2015 1140 2058 diurno
1155 2048 1168 2069 ,
1192 2015 1348 2058 bubulce
1357 2017 1524 2073 pondo,
1535 2031 1633 2072 por-

353 2089 452 2132 cinae
476 2088 618 2146 pondo
639 2084 752 2143 sex,
782 2088 959 2144 caprinae
982 2088 1128 2144 pondo
1163 2088 1322 2142 dmm,
1357 2087 1630 2146 gallinaceum

346 2176 420 2220 per
454 2160 652 2210 biduum,
683 2159 760 2200 olei
789 2174 863 2215 per
893 2159 1061 2201 biduum
1080 2158 1318 2215 sextarium
1351 2174 1508 2210 unum,
1540 2157 1633 2201 virzi

352 2232 493 2276 veteris
519 2232 690 2275 diurnos
708 2229 924 2290 sextarios
953 2232 1083 2274 decem
1115 2246 1206 2273 curn
1237 2229 1372 2273 larido
1405 2229 1631 2272 bubalino:

342 2301 482 2366 salis,
511 2308 686 2357 olerum,
711 2306 940 2364 lignorum,
965 2319 1162 2363 quantum
1183 2303 1295 2360 satis
1332 2301 1393 2365 est.
1429 2301 1629 2359 Hospitia

347 2395 537 2439 praeterea
559 2381 685 2422 eidem
699 2411 713 2434 ‚
741 2394 787 2422 ut
810 2378 1001 2422 Tribunis
1022 2378 1249 2437 legionum,
1272 2376 1439 2435 praeberi
1453 2373 1632 2430 jubebis,

422 2453 478 2501 V.
499 2453 551 2498 Et
567 2451 661 2499 haec
675 2450 855 2515 quidem
870 2449 1066 2514 epistolae
1088 2449 1322 2499 declarant.
1343 2450 1475 2497 Nunc
1493 2463 1632 2510 quan·
