1637 2785
287 138 710 200 TRIGINTA
757 138 1155 186 TYRANNI.
1296 155 1379 202 ¹23

91 246 306 295 omnibus
337 245 622 309 Principibus
648 244 977 308 acceptiffimus
1007 245 1106 292 fuit.
1134 245 1228 308 Ipse
1255 245 1386 292 deni-

91 337 178 385 que
204 321 396 377 Valens,
419 319 498 383 qui
519 318 573 365 ad
595 335 696 365 eum
729 317 1009 380 percussores
1039 317 1195 364 rniliffe
1233 318 1387 380 perhi-

92 398 246 452 bemr,
280 393 434 440 dixisse
460 394 652 450 dicitur,
680 409 775 439 non
804 392 885 438 fibi
917 393 1034 455 apud
1057 394 1186 440 Deos
1218 393 1389 440 inferos
1454 434 1458 438 .

93 467 296 515 constare
327 466 553 514 rationem
576 501 590 523 ,
613 466 768 530 quod,
797 465 1007 528 quamvis
1031 465 1203 512 hostem
1230 465 1356 513 suum
1377 502 1390 523 ‚

92 541 299 587 Pisonem
323 554 471 587 tamen
498 539 673 600 juffiffet
700 538 876 595 occidi,
903 539 1081 590 virum,
1109 539 1181 586 cui
1203 538 1392 586 similem

92 614 302 659 Romana
328 612 579 674 respublica
610 626 719 660 tunc
744 628 838 659 non
861 611 1058 658 haberet.
1086 612 1393 660 senatuscon-

93 687 255 734 sultum
285 687 339 733 de
368 686 530 734 Pisone
557 686 720 734 faEhnn
753 687 808 733 ad
840 687 1112 734 noscendam
1134 685 1228 747 ejus
1250 685 1396 747 maje-

91 761 272 818 statem,
307 760 498 807 libenter
525 760 703 808 inserui.
729 760 821 808 Die
852 759 1042 822 septimo
1065 759 1295 806 Kalendas
1313 759 1394 807 Ju-

92 833 175 881 lias
194 869 210 891 ,
242 850 344 881 cum
379 833 484 880 effet
509 834 793 891 nuntiatum,
820 832 1026 880 Pisonem
1058 849 1082 880 a
1109 832 1299 879 Valente
1326 831 1397 878 in·

92 920 329 955 teremtum
347 943 361 967 ,
385 909 530 972 ipsum
564 909 804 955 Valentem
830 924 856 955 a
882 907 968 955 suis
996 906 1226 965 occisum,
1257 906 1395 952 Arel-

92 981 178 1029 lius
211 981 375 1028 Fuscus
397 1018 408 1038 ,
441 981 687 1029 consularis
725 981 881 1044 primae
928 980 1163 1027 sententiae
1183 1014 1196 1035 ,
1225 978 1306 1042 qui
1344 978 1396 1024 in

95 1055 254 1103 locum
282 1055 513 1102 Valeriani
542 1053 803 1101 succefferat
822 1091 834 1112 ,
860 1053 953 1110 ait,
985 1054 1178 1113 Consul,
1211 1054 1397 1114 consule.

95 1130 305 1193 Cumque
335 1129 570 1177 consultus
596 1128 700 1176 effet
717 1165 731 1187 ‚
762 1129 957 1175 Divinos
978 1164 993 1186 ,
1018 1127 1191 1192 inquit,
1221 1129 1397 1174 honores

94 1205 248 1264 Pisoni
272 1206 437 1250 decerno
452 1238 466 1261 ‚
487 1205 634 1249 Patres
651 1194 879 1265 'confitipti
895 1221 912 1249 .·
934 1204 1179 1249 Gallienum
1197 1236 1209 1259 ,
1232 1200 1275 1249 ἃ
1301 1205 1345 1244 V
1343 1221 1397 1246 α·-

93 1279 321 1333 len'anum,
348 1274 393 1322 G*
418 1279 673 1323 Saloninum
709 1279 981 1337 Imperatores
1004 1277 1160 1342 nostros
1188 1274 1265 1339 ff
1295 1293 1398 1321 corz*

83 1351 192 1410 fido.
220 1353 359 1411 Neque
383 1353 492 1396 enim
519 1354 665 1397 melior
691 1353 757 1397 vir
777 1353 1000 1413 quislquam
1012 1351 1132 1410 fuit,
1153 1369 1278 1412 neque
1294 1368 1399 1404 corz&

79 1424 280 1490 stantior.
310 1423 416 1470 Post
450 1438 584 1486 quem
623 1424 760 1471 ceteri
799 1423 1023 1482 consulti,
1052 1424 1237 1470 statuam
1278 1421 1399 1469 inter

96 1496 419 1560 triumphales,
462 1500 513 1546 &
542 1514 700 1545 currus
727 1497 1021 1561 quadrijugos
1052 1497 1206 1544 Pisoni
1238 1496 1400 1543 decre«

94 1582 277 1618 verunt.
306 1571 393 1615 Sed
425 1570 562 1617 statua
592 1569 689 1632 ejus
723 1571 931 1619 videtur:
964 1569 1191 1634 quadrigae
1216 1581 1401 1625 autem,

99 1659 205 1706 qua:
225 1643 418 1690 decretae
443 1643 646 1701 fuerant,
665 1644 785 1706 quafi
815 1643 1133 1691 transferendae
1173 1643 1227 1689 ad
1259 1641 1400 1688 alium

99 1715 256 1778 pofitae
285 1714 413 1775 sunt,
442 1732 527 1763 nec
557 1716 703 1763 adhuc
736 1717 937 1764 redditae.
969 1717 1085 1762 Nam
1113 1715 1159 1761 in
1187 1715 1256 1762 his
1281 1714 1402 1762 locis

97 1787 363 1845 fuerunt,in
387 1788 549 1852 quibus
570 1790 757 1836 thermae
775 1790 1082 1837 Diocletianae
1111 1788 1209 1836 sunt
1234 1787 1402 1854 exaedi2

97 1858 270 1919 fleam,
293 1873 381 1909 tam
411 1860 566 1909 aeterni
597 1861 798 1909 nominis
815 1897 830 1918 ‚
871 1878 1004 1926 quam
1030 1860 1199 1909 sacrati.

164 2026 395 2086 XXI.
464 2027 600 2084 DE
668 2020 1323 2084 AEMILIANO.

101 2227 251 2274 XXII.
287 2184 396 2273 ΕΤ
417 2224 508 2273 hoc
529 2223 745 2273 familiare
764 2225 826 2273 est
849 2224 1025 2287 populo
1044 2225 1369 2290 AEgyptiorum
1383 2260 1402 2284 ‚

103 2313 153 2345 ut
178 2298 252 2344 vel
274 2296 428 2344 furiosi
451 2313 500 2345 ac
524 2298 780 2355 dementes,
802 2299 856 2344 de
879 2297 1055 2344 levibus
1072 2296 1323 2361 quibusque
1343 2296 1402 2347 ad

80 2371 286 2435 Vsummae
314 2370 573 2433 reipublicae
598 2370 797 2434 pericula
813 2370 1131 2433 perducantur.
1152 2371 1278 2432 Saepe
1303 2370 1367 2416 ilii
1383 2406 1400 2427 ,

105 2443 169 2490 ob
205 2443 421 2506 negleflas
464 2443 752 2492 salutationes
768 2480 783 2504 ‚
822 2445 975 2492 locum
1013 2443 1060 2490 in
1101 2443 1269 2491 balneis
1301 2459 1401 2490 non
