<?xml version="1.0" encoding="UTF-8"?>
<!DOCTYPE html PUBLIC "-//W3C//DTD XHTML 1.0 Transitional//EN"
    "http://www.w3.org/TR/xhtml1/DTD/xhtml1-transitional.dtd">
<html xmlns="http://www.w3.org/1999/xhtml" xml:lang="en" lang="en">
 <head>
  <title>
</title>
<meta http-equiv="Content-Type" content="text/html;charset=utf-8" />
  <meta name='ocr-system' content='tesseract 3.04.00' />
  <meta name='ocr-capabilities' content='ocr_page ocr_carea ocr_par ocr_line ocrx_word'/>
</head>
<body>
  <div class='ocr_page' id='page_1' title='image "./historiaeaugusta00bipouoft_0364.png"; bbox 0 0 1714 2807; ppageno 0'>
   <div class='ocr_carea' id='block_1_1' title="bbox 305 160 1375 209">
    <p class='ocr_par' dir='ltr' id='par_1_1' title="bbox 305 160 1375 209">
     <span class='ocr_line' id='line_1_1' title="bbox 305 160 1375 209; baseline -0.001 0"><span class='ocrx_word' id='word_1_1' title='bbox 305 161 394 209; x_wconf 79' lang='lat'>286</span> <span class='ocrx_word' id='word_1_2' title='bbox 512 160 1375 209; x_wconf 84' lang='lat' dir='ltr'>AELllLAMPRIDll</span> 
     </span>
    </p>
   </div>
   <div class='ocr_carea' id='block_1_2' title="bbox 298 266 1583 2504">
    <p class='ocr_par' dir='ltr' id='par_1_2' title="bbox 298 266 1583 2429">
     <span class='ocr_line' id='line_1_2' title="bbox 302 266 1576 325; baseline 0.002 -12"><span class='ocrx_word' id='word_1_3' title='bbox 302 267 504 313; x_wconf 75' lang='lat' dir='ltr'>stulafi&#39;et.</span> <span class='ocrx_word' id='word_1_4' title='bbox 535 266 649 313; x_wconf 89' lang='lat' dir='ltr'>Usus</span> <span class='ocrx_word' id='word_1_5' title='bbox 680 266 867 314; x_wconf 88' lang='lat' dir='ltr'>Veneris</span> <span class='ocrx_word' id='word_1_6' title='bbox 894 267 940 313; x_wconf 91' lang='lat' dir='ltr'>in</span> <span class='ocrx_word' id='word_1_7' title='bbox 963 283 1021 314; x_wconf 93' lang='lat' dir='ltr'>eo</span> <span class='ocrx_word' id='word_1_8' title='bbox 1051 268 1304 315; x_wconf 87' lang='lat' dir='ltr'>moderatus</span> <span class='ocrx_word' id='word_1_9' title='bbox 1329 267 1439 325; x_wconf 83' lang='lat' dir='ltr'>fuit,</span> <span class='ocrx_word' id='word_1_10' title='bbox 1461 282 1576 316; x_wconf 83' lang='lat' dir='ltr'>exo-</span> 
     </span>
     <span class='ocr_line' id='line_1_3' title="bbox 301 339 1578 403; baseline 0 -17"><span class='ocrx_word' id='word_1_11' title='bbox 301 340 496 386; x_wconf 85' lang='lat' dir='ltr'>letorum</span> <span class='ocrx_word' id='word_1_12' title='bbox 524 339 582 386; x_wconf 88' lang='lat' dir='ltr'>ita</span> <span class='ocrx_word' id='word_1_13' title='bbox 609 355 764 401; x_wconf 83' lang='lat' dir='ltr'>expers</span> <span class='ocrx_word' id='word_1_14' title='bbox 781 375 794 398; x_wconf 91' lang='lat'><em>‚</em></span> <span class='ocrx_word' id='word_1_15' title='bbox 825 351 870 385; x_wconf 90' lang='lat' dir='ltr'>ut</span> <span class='ocrx_word' id='word_1_16' title='bbox 892 339 1292 403; x_wconf 84' lang='lat' dir='ltr'>(quemadmodum</span> <span class='ocrx_word' id='word_1_17' title='bbox 1315 341 1440 401; x_wconf 84' lang='lat' dir='ltr'>supra</span> <span class='ocrx_word' id='word_1_18' title='bbox 1459 340 1578 386; x_wconf 83' lang='lat' dir='ltr'>dixi-</span> 
     </span>
     <span class='ocr_line' id='line_1_4' title="bbox 300 409 1576 474; baseline -0.001 -17"><span class='ocrx_word' id='word_1_19' title='bbox 300 411 424 474; x_wconf 87' lang='lat' dir='ltr'>mus)</span> <span class='ocrx_word' id='word_1_20' title='bbox 450 411 590 474; x_wconf 84' lang='lat' dir='ltr'>legem</span> <span class='ocrx_word' id='word_1_21' title='bbox 619 411 673 456; x_wconf 92' lang='lat' dir='ltr'>de</span> <span class='ocrx_word' id='word_1_22' title='bbox 699 410 765 457; x_wconf 81' lang='lat' dir='ltr'>his</span> <span class='ocrx_word' id='word_1_23' title='bbox 794 409 1043 457; x_wconf 79' lang='lat' dir='ltr'>auferendis</span> <span class='ocrx_word' id='word_1_24' title='bbox 1073 410 1187 457; x_wconf 87' lang='lat' dir='ltr'>ferre</span> <span class='ocrx_word' id='word_1_25' title='bbox 1221 412 1432 456; x_wconf 87' lang='lat' dir='ltr'>voluerit.</span> <span class='ocrx_word' id='word_1_26' title='bbox 1457 411 1576 456; x_wconf 91' lang='lat' dir='ltr'>Hor·</span> 
     </span>
     <span class='ocr_line' id='line_1_5' title="bbox 301 482 1577 546; baseline -0.002 -16"><span class='ocrx_word' id='word_1_27' title='bbox 301 496 370 531; x_wconf 75' lang='lat' dir='ltr'>rea</span> <span class='ocrx_word' id='word_1_28' title='bbox 400 484 444 530; x_wconf 94' lang='lat' dir='ltr'>in</span> <span class='ocrx_word' id='word_1_29' title='bbox 476 483 688 529; x_wconf 81' lang='lat' dir='ltr'>omnibus</span> <span class='ocrx_word' id='word_1_30' title='bbox 722 482 977 546; x_wconf 78' lang='lat' dir='ltr'>regionibus</span> <span class='ocrx_word' id='word_1_31' title='bbox 1006 483 1183 545; x_wconf 89' lang='lat' dir='ltr'>publica</span> <span class='ocrx_word' id='word_1_32' title='bbox 1218 483 1350 538; x_wconf 86' lang='lat' dir='ltr'>fecit,</span> <span class='ocrx_word' id='word_1_33' title='bbox 1383 483 1435 529; x_wconf 90' lang='lat' dir='ltr'>ad</span> <span class='ocrx_word' id='word_1_34' title='bbox 1475 499 1577 544; x_wconf 82' lang='lat' dir='ltr'>quae</span> 
     </span>
     <span class='ocr_line' id='line_1_6' title="bbox 301 555 1579 617; baseline -0.002 -15"><span class='ocrx_word' id='word_1_35' title='bbox 301 555 559 603; x_wconf 84' lang='lat' dir='ltr'>conferrent</span> <span class='ocrx_word' id='word_1_36' title='bbox 587 555 707 601; x_wconf 87' lang='lat' dir='ltr'>bona</span> <span class='ocrx_word' id='word_1_37' title='bbox 734 555 792 612; x_wconf 89' lang='lat' dir='ltr'>ii,</span> <span class='ocrx_word' id='word_1_38' title='bbox 817 556 892 617; x_wconf 89' lang='lat' dir='ltr'>qui</span> <span class='ocrx_word' id='word_1_39' title='bbox 918 555 1115 617; x_wconf 81' lang='lat' dir='ltr'>privatas</span> <span class='ocrx_word' id='word_1_40' title='bbox 1140 555 1354 602; x_wconf 80' lang='lat' dir='ltr'>custodias</span> <span class='ocrx_word' id='word_1_41' title='bbox 1384 571 1475 601; x_wconf 87' lang='lat' dir='ltr'>non</span> <span class='ocrx_word' id='word_1_42' title='bbox 1503 555 1579 600; x_wconf 85' lang='lat' dir='ltr'>ha·</span> 
     </span>
     <span class='ocr_line' id='line_1_7' title="bbox 299 625 1580 689; baseline -0.001 -16"><span class='ocrx_word' id='word_1_43' title='bbox 299 627 468 673; x_wconf 86' lang='lat' dir='ltr'>herent.</span> <span class='ocrx_word' id='word_1_44' title='bbox 507 626 667 672; x_wconf 84' lang='lat' dir='ltr'>Balnea</span> <span class='ocrx_word' id='word_1_45' title='bbox 708 625 919 672; x_wconf 86' lang='lat' dir='ltr'>omnibus</span> <span class='ocrx_word' id='word_1_46' title='bbox 956 625 1213 688; x_wconf 85' lang='lat' dir='ltr'>regionibus</span> <span class='ocrx_word' id='word_1_47' title='bbox 1249 627 1441 682; x_wconf 85' lang='lat' dir='ltr'>addidit,</span> <span class='ocrx_word' id='word_1_48' title='bbox 1480 642 1580 689; x_wconf 81' lang='lat' dir='ltr'>quae</span> 
     </span>
     <span class='ocr_line' id='line_1_8' title="bbox 300 696 1578 758; baseline -0.001 -15"><span class='ocrx_word' id='word_1_49' title='bbox 300 697 420 743; x_wconf 86' lang='lat' dir='ltr'>forte</span> <span class='ocrx_word' id='word_1_50' title='bbox 454 713 546 742; x_wconf 91' lang='lat' dir='ltr'>non</span> <span class='ocrx_word' id='word_1_51' title='bbox 583 697 815 744; x_wconf 80' lang='lat' dir='ltr'>habebant.</span> <span class='ocrx_word' id='word_1_52' title='bbox 849 713 948 742; x_wconf 88' lang='lat' dir='ltr'>nam</span> <span class='ocrx_word' id='word_1_53' title='bbox 979 697 1204 758; x_wconf 80' lang='lat' dir='ltr'>hodieque</span> <span class='ocrx_word' id='word_1_54' title='bbox 1239 699 1379 744; x_wconf 89' lang='lat' dir='ltr'>multa</span> <span class='ocrx_word' id='word_1_55' title='bbox 1415 696 1578 744; x_wconf 87' lang='lat' dir='ltr'>dicun-</span> 
     </span>
     <span class='ocr_line' id='line_1_9' title="bbox 299 768 1578 829; baseline 0.001 -14"><span class='ocrx_word' id='word_1_56' title='bbox 299 782 375 815; x_wconf 84' lang='lat' dir='ltr'>tur</span> <span class='ocrx_word' id='word_1_57' title='bbox 401 770 654 815; x_wconf 77' lang='lat' dir='ltr'>Alexandri.</span> <span class='ocrx_word' id='word_1_58' title='bbox 687 770 805 816; x_wconf 79' lang='lat' dir='ltr'>Fecit</span> <span class='ocrx_word' id='word_1_59' title='bbox 837 770 885 815; x_wconf 70' lang='grc' dir='ltr'>δι</span> <span class='ocrx_word' id='word_1_60' title='bbox 920 770 1082 814; x_wconf 92' lang='lat' dir='ltr'>domos</span> <span class='ocrx_word' id='word_1_61' title='bbox 1111 770 1453 829; x_wconf 87' lang='lat' dir='ltr'>pulcherrimas,</span> <span class='ocrx_word' id='word_1_62' title='bbox 1484 768 1578 816; x_wconf 87' lang='lat' dir='ltr'>eas-</span> 
     </span>
     <span class='ocr_line' id='line_1_10' title="bbox 300 841 1578 904; baseline 0.003 -17"><span class='ocrx_word' id='word_1_63' title='bbox 300 842 491 904; x_wconf 86' lang='lat' dir='ltr'>demque</span> <span class='ocrx_word' id='word_1_64' title='bbox 519 842 671 888; x_wconf 88' lang='lat' dir='ltr'>amicis</span> <span class='ocrx_word' id='word_1_65' title='bbox 697 843 784 887; x_wconf 84' lang='lat' dir='ltr'>suis</span> <span class='ocrx_word' id='word_1_66' title='bbox 804 841 998 887; x_wconf 77' lang='lat' dir='ltr'>maxime</span> <span class='ocrx_word' id='word_1_67' title='bbox 1029 842 1211 904; x_wconf 84' lang='lat' dir='ltr'>integris</span> <span class='ocrx_word' id='word_1_68' title='bbox 1239 842 1346 888; x_wconf 88' lang='lat' dir='ltr'>viris</span> <span class='ocrx_word' id='word_1_69' title='bbox 1374 843 1578 891; x_wconf 86' lang='lat' dir='ltr'>donavit.</span> 
     </span>
     <span class='ocr_line' id='line_1_11' title="bbox 300 913 1577 977; baseline 0.002 -18"><span class='ocrx_word' id='word_1_70' title='bbox 300 915 542 976; x_wconf 70' lang='lat' dir='ltr'>Veffigalia</span> <span class='ocrx_word' id='word_1_71' title='bbox 569 915 743 974; x_wconf 85' lang='lat' dir='ltr'>publica</span> <span class='ocrx_word' id='word_1_72' title='bbox 777 914 821 960; x_wconf 89' lang='lat' dir='ltr'>in</span> <span class='ocrx_word' id='word_1_73' title='bbox 857 913 902 959; x_wconf 91' lang='lat' dir='ltr'>id</span> <span class='ocrx_word' id='word_1_74' title='bbox 934 914 1186 970; x_wconf 81' lang='lat' dir='ltr'>contraxit,</span> <span class='ocrx_word' id='word_1_75' title='bbox 1215 926 1285 972; x_wconf 88' lang='lat' dir='ltr'>ut,</span> <span class='ocrx_word' id='word_1_76' title='bbox 1316 914 1392 977; x_wconf 90' lang='lat' dir='ltr'>qui</span> <span class='ocrx_word' id='word_1_77' title='bbox 1424 915 1577 961; x_wconf 88' lang='lat' dir='ltr'>decem</span> 
     </span>
     <span class='ocr_line' id='line_1_12' title="bbox 300 985 1578 1050; baseline 0.001 -18"><span class='ocrx_word' id='word_1_78' title='bbox 300 1002 459 1032; x_wconf 77' lang='lat' dir='ltr'>aureos</span> <span class='ocrx_word' id='word_1_79' title='bbox 489 986 566 1032; x_wconf 89' lang='lat' dir='ltr'>sub</span> <span class='ocrx_word' id='word_1_80' title='bbox 595 986 891 1049; x_wconf 83' lang='lat' dir='ltr'>Heliogabalo</span> <span class='ocrx_word' id='word_1_81' title='bbox 923 985 1241 1047; x_wconf 73' lang='lat' dir='ltr'>praestiterant,</span> <span class='ocrx_word' id='word_1_82' title='bbox 1270 988 1440 1032; x_wconf 75' lang='lat' dir='ltr'>tertiam</span> <span class='ocrx_word' id='word_1_83' title='bbox 1474 1004 1578 1050; x_wconf 88' lang='lat' dir='ltr'>par-</span> 
     </span>
     <span class='ocr_line' id='line_1_13' title="bbox 299 1059 1583 1123; baseline 0.002 -18"><span class='ocrx_word' id='word_1_84' title='bbox 299 1073 388 1105; x_wconf 85' lang='lat' dir='ltr'>tem</span> <span class='ocrx_word' id='word_1_85' title='bbox 421 1061 537 1106; x_wconf 89' lang='lat' dir='ltr'>aurei</span> <span class='ocrx_word' id='word_1_86' title='bbox 569 1059 848 1122; x_wconf 70' lang='lat' dir='ltr'>praestarent,</span> <span class='ocrx_word' id='word_1_87' title='bbox 876 1062 965 1107; x_wconf 85' lang='lat' dir='ltr'>hoc</span> <span class='ocrx_word' id='word_1_88' title='bbox 992 1061 1071 1113; x_wconf 74' lang='lat' dir='ltr'>est.</span> <span class='ocrx_word' id='word_1_89' title='bbox 1096 1060 1358 1106; x_wconf 85' lang='lat' dir='ltr'>tricefimam</span> <span class='ocrx_word' id='word_1_90' title='bbox 1395 1074 1583 1123; x_wconf 62' lang='lat' dir='ltr'>partem.&gt;</span> 
     </span>
     <span class='ocr_line' id='line_1_14' title="bbox 300 1132 1574 1196; baseline 0.001 -19"><span class='ocrx_word' id='word_1_91' title='bbox 300 1145 499 1196; x_wconf 87' lang='lat' dir='ltr'>tuncque</span> <span class='ocrx_word' id='word_1_92' title='bbox 532 1132 723 1195; x_wconf 87' lang='lat' dir='ltr'>primum</span> <span class='ocrx_word' id='word_1_93' title='bbox 759 1133 946 1179; x_wconf 73' lang='lat' dir='ltr'>semisses</span> <span class='ocrx_word' id='word_1_94' title='bbox 981 1149 1215 1180; x_wconf 88' lang='lat' dir='ltr'>aureorum</span> <span class='ocrx_word' id='word_1_95' title='bbox 1248 1133 1428 1180; x_wconf 87' lang='lat' dir='ltr'>formati</span> <span class='ocrx_word' id='word_1_96' title='bbox 1455 1134 1574 1179; x_wconf 88' lang='lat' dir='ltr'>sunt:</span> 
     </span>
     <span class='ocr_line' id='line_1_15' title="bbox 299 1205 1577 1268; baseline -0.001 -17"><span class='ocrx_word' id='word_1_97' title='bbox 299 1218 409 1253; x_wconf 91' lang='lat' dir='ltr'>tunc</span> <span class='ocrx_word' id='word_1_98' title='bbox 437 1205 565 1252; x_wconf 86' lang='lat' dir='ltr'>etiarn</span> <span class='ocrx_word' id='word_1_99' title='bbox 584 1241 597 1263; x_wconf 95' lang='lat'><strong>‚</strong></span> <span class='ocrx_word' id='word_1_100' title='bbox 631 1222 731 1253; x_wconf 91' lang='lat' dir='ltr'>cum</span> <span class='ocrx_word' id='word_1_101' title='bbox 760 1207 813 1251; x_wconf 93' lang='lat' dir='ltr'>ad</span> <span class='ocrx_word' id='word_1_102' title='bbox 844 1205 1016 1251; x_wconf 88' lang='lat' dir='ltr'>tertiam</span> <span class='ocrx_word' id='word_1_103' title='bbox 1044 1205 1163 1251; x_wconf 87' lang='lat' dir='ltr'>aurei</span> <span class='ocrx_word' id='word_1_104' title='bbox 1192 1219 1359 1268; x_wconf 86' lang='lat' dir='ltr'>partem</span> <span class='ocrx_word' id='word_1_105' title='bbox 1390 1205 1577 1268; x_wconf 70' lang='lat' dir='ltr'>veffigal</span> 
     </span>
     <span class='ocr_line' id='line_1_16' title="bbox 300 1278 1579 1342; baseline -0.001 -17"><span class='ocrx_word' id='word_1_106' title='bbox 300 1278 546 1337; x_wconf 70' lang='lat' dir='ltr'>decidisset,</span> <span class='ocrx_word' id='word_1_107' title='bbox 559 1279 795 1335; x_wconf 76' lang='lat' dir='ltr'>tremisl&#39;e53</span> <span class='ocrx_word' id='word_1_108' title='bbox 814 1279 990 1325; x_wconf 86' lang='lat' dir='ltr'>dicente</span> <span class='ocrx_word' id='word_1_109' title='bbox 1003 1279 1285 1335; x_wconf 83' lang='lat' dir='ltr'>Alexandr0‚</span> <span class='ocrx_word' id='word_1_110' title='bbox 1299 1279 1429 1325; x_wconf 89' lang='lat' dir='ltr'>etiam</span> <span class='ocrx_word' id='word_1_111' title='bbox 1449 1295 1579 1342; x_wconf 89' lang='lat' dir='ltr'>quar-</span> 
     </span>
     <span class='ocr_line' id='line_1_17' title="bbox 301 1350 1578 1418; baseline -0.002 -21"><span class='ocrx_word' id='word_1_112' title='bbox 301 1351 439 1398; x_wconf 88' lang='lat' dir='ltr'>tarios</span> <span class='ocrx_word' id='word_1_113' title='bbox 467 1351 671 1409; x_wconf 87' lang='lat' dir='ltr'>futuros,</span> <span class='ocrx_word' id='word_1_114' title='bbox 701 1352 823 1414; x_wconf 85' lang='lat' dir='ltr'>quod</span> <span class='ocrx_word' id='word_1_115' title='bbox 851 1351 996 1397; x_wconf 87' lang='lat' dir='ltr'>minus</span> <span class='ocrx_word' id='word_1_116' title='bbox 1026 1368 1119 1398; x_wconf 90' lang='lat' dir='ltr'>non</span> <span class='ocrx_word' id='word_1_117' title='bbox 1148 1351 1313 1418; x_wconf 46' lang='lat' dir='ltr'>possen</span> <span class='ocrx_word' id='word_1_118' title='bbox 1341 1367 1453 1413; x_wconf 83' lang='lat' dir='ltr'>quos</span> <span class='ocrx_word' id='word_1_119' title='bbox 1479 1350 1578 1411; x_wconf 88' lang='lat' dir='ltr'>qui·</span> 
     </span>
     <span class='ocr_line' id='line_1_18' title="bbox 300 1421 1577 1485; baseline -0.002 -15"><span class='ocrx_word' id='word_1_120' title='bbox 300 1426 399 1471; x_wconf 89' lang='lat' dir='ltr'>dem</span> <span class='ocrx_word' id='word_1_121' title='bbox 419 1425 501 1485; x_wconf 82' lang='lat' dir='ltr'>jam</span> <span class='ocrx_word' id='word_1_122' title='bbox 531 1424 747 1470; x_wconf 83' lang='lat' dir='ltr'>formatos</span> <span class='ocrx_word' id='word_1_123' title='bbox 771 1424 815 1469; x_wconf 91' lang='lat' dir='ltr'>in</span> <span class='ocrx_word' id='word_1_124' title='bbox 838 1437 1019 1470; x_wconf 87' lang='lat' dir='ltr'>moneta</span> <span class='ocrx_word' id='word_1_125' title='bbox 1050 1423 1265 1479; x_wconf 82' lang='lat' dir='ltr'>detinuit,</span> <span class='ocrx_word' id='word_1_126' title='bbox 1295 1421 1577 1484; x_wconf 62' lang='lat' dir='ltr'>exspessans,</span> 
     </span>
     <span class='ocr_line' id='line_1_19' title="bbox 298 1493 1578 1558; baseline -0.001 -18"><span class='ocrx_word' id='word_1_127' title='bbox 298 1508 378 1551; x_wconf 92' lang='lat' dir='ltr'>ut,</span> <span class='ocrx_word' id='word_1_128' title='bbox 395 1494 425 1541; x_wconf 86' lang='lat' dir='ltr'>fi</span> <span class='ocrx_word' id='word_1_129' title='bbox 449 1495 632 1558; x_wconf 68' lang='lat' dir='ltr'>veftigal</span> <span class='ocrx_word' id='word_1_130' title='bbox 661 1496 923 1542; x_wconf 67' lang='lat' dir='ltr'>contrahere</span> <span class='ocrx_word' id='word_1_131' title='bbox 950 1494 1182 1556; x_wconf 70' lang='lat' dir='ltr'>potuifl‘et,</span> <span class='ocrx_word' id='word_1_132' title='bbox 1201 1495 1250 1540; x_wconf 87' lang='lat'>&amp;</span> <span class='ocrx_word' id='word_1_133' title='bbox 1275 1493 1450 1540; x_wconf 84' lang='lat' dir='ltr'>eosdem</span> <span class='ocrx_word' id='word_1_134' title='bbox 1477 1493 1578 1539; x_wconf 87' lang='lat' dir='ltr'>ede-</span> 
     </span>
     <span class='ocr_line' id='line_1_20' title="bbox 299 1565 1578 1629; baseline -0.002 -16"><span class='ocrx_word' id='word_1_135' title='bbox 299 1580 394 1615; x_wconf 83' lang='lat' dir='ltr'>ret:</span> <span class='ocrx_word' id='word_1_136' title='bbox 424 1567 494 1614; x_wconf 89' lang='lat' dir='ltr'>sed</span> <span class='ocrx_word' id='word_1_137' title='bbox 522 1583 624 1615; x_wconf 86' lang='lat' dir='ltr'>cum</span> <span class='ocrx_word' id='word_1_138' title='bbox 662 1583 756 1613; x_wconf 88' lang='lat' dir='ltr'>non</span> <span class='ocrx_word' id='word_1_139' title='bbox 785 1567 992 1629; x_wconf 83' lang='lat' dir='ltr'>potuiffet</span> <span class='ocrx_word' id='word_1_140' title='bbox 1017 1582 1094 1627; x_wconf 82' lang='lat' dir='ltr'>per</span> <span class='ocrx_word' id='word_1_141' title='bbox 1124 1566 1324 1627; x_wconf 85' lang='lat' dir='ltr'>publicas</span> <span class='ocrx_word' id='word_1_142' title='bbox 1352 1565 1578 1612; x_wconf 77' lang='lat' dir='ltr'>necestita-</span> 
     </span>
     <span class='ocr_line' id='line_1_21' title="bbox 299 1639 1578 1701; baseline -0.002 -13"><span class='ocrx_word' id='word_1_143' title='bbox 299 1654 388 1699; x_wconf 86' lang='lat' dir='ltr'>tes‚</span> <span class='ocrx_word' id='word_1_144' title='bbox 421 1640 612 1689; x_wconf 83' lang='lat' dir='ltr'>conflati</span> <span class='ocrx_word' id='word_1_145' title='bbox 643 1657 721 1688; x_wconf 90' lang='lat' dir='ltr'>eos</span> <span class='ocrx_word' id='word_1_146' title='bbox 755 1640 898 1701; x_wconf 79' lang='lat' dir='ltr'>justit,</span> <span class='ocrx_word' id='word_1_147' title='bbox 929 1642 976 1687; x_wconf 85' lang='lat'>&amp;</span> <span class='ocrx_word' id='word_1_148' title='bbox 1014 1639 1223 1686; x_wconf 66' lang='lat' dir='ltr'>tremisses</span> <span class='ocrx_word' id='word_1_149' title='bbox 1262 1652 1432 1685; x_wconf 86' lang='lat' dir='ltr'>tantum</span> <span class='ocrx_word' id='word_1_150' title='bbox 1469 1639 1578 1686; x_wconf 84' lang='lat' dir='ltr'>soli-</span> 
     </span>
     <span class='ocr_line' id='line_1_22' title="bbox 299 1714 1579 1777; baseline -0.001 -16"><span class='ocrx_word' id='word_1_151' title='bbox 299 1715 468 1777; x_wconf 85' lang='lat' dir='ltr'>dosque</span> <span class='ocrx_word' id='word_1_152' title='bbox 495 1715 692 1763; x_wconf 76' lang='lat' dir='ltr'>formari.</span> <span class='ocrx_word' id='word_1_153' title='bbox 717 1718 897 1762; x_wconf 83' lang='lat' dir='ltr'>Formas</span> <span class='ocrx_word' id='word_1_154' title='bbox 915 1714 1378 1770; x_wconf 84' lang='lat' dir='ltr'>binarias,ternarias,</span> <span class='ocrx_word' id='word_1_155' title='bbox 1395 1716 1442 1761; x_wconf 88' lang='lat'>&amp;</span> <span class='ocrx_word' id='word_1_156' title='bbox 1471 1729 1579 1776; x_wconf 91' lang='lat' dir='ltr'>qua-</span> 
     </span>
     <span class='ocr_line' id='line_1_23' title="bbox 298 1783 1576 1849; baseline -0.004 -15"><span class='ocrx_word' id='word_1_157' title='bbox 298 1790 536 1844; x_wconf 62' lang='lat' dir='ltr'>ternarias,</span> <span class='ocrx_word' id='word_1_158' title='bbox 570 1791 618 1836; x_wconf 88' lang='lat'><strong>&amp;</strong></span> <span class='ocrx_word' id='word_1_159' title='bbox 655 1788 853 1835; x_wconf 85' lang='lat' dir='ltr'>denarias</span> <span class='ocrx_word' id='word_1_160' title='bbox 887 1788 1046 1843; x_wconf 81' lang='lat' dir='ltr'>etiam,</span> <span class='ocrx_word' id='word_1_161' title='bbox 1083 1799 1218 1849; x_wconf 83' lang='lat' dir='ltr'>atque</span> <span class='ocrx_word' id='word_1_162' title='bbox 1255 1785 1471 1847; x_wconf 84' lang='lat' dir='ltr'>amplius,</span> <span class='ocrx_word' id='word_1_163' title='bbox 1504 1783 1576 1830; x_wconf 92' lang='lat' dir='ltr'>us-</span> 
     </span>
     <span class='ocr_line' id='line_1_24' title="bbox 298 1860 1576 1925; baseline -0.003 -16"><span class='ocrx_word' id='word_1_164' title='bbox 298 1878 387 1924; x_wconf 81' lang='lat' dir='ltr'>que</span> <span class='ocrx_word' id='word_1_165' title='bbox 420 1863 473 1907; x_wconf 89' lang='lat' dir='ltr'>ad</span> <span class='ocrx_word' id='word_1_166' title='bbox 506 1862 683 1908; x_wconf 78' lang='lat' dir='ltr'>bilibres</span> <span class='ocrx_word' id='word_1_167' title='bbox 716 1878 898 1925; x_wconf 90' lang='lat' dir='ltr'>quoque</span> <span class='ocrx_word' id='word_1_168' title='bbox 931 1864 981 1908; x_wconf 91' lang='lat'>&amp;</span> <span class='ocrx_word' id='word_1_169' title='bbox 1016 1861 1310 1916; x_wconf 83' lang='lat' dir='ltr'>centenarias,</span> <span class='ocrx_word' id='word_1_170' title='bbox 1343 1875 1451 1923; x_wconf 86' lang='lat' dir='ltr'>quas</span> <span class='ocrx_word' id='word_1_171' title='bbox 1485 1860 1576 1906; x_wconf 87' lang='lat' dir='ltr'>He-</span> 
     </span>
     <span class='ocr_line' id='line_1_25' title="bbox 300 1932 1577 1996; baseline 0 -18"><span class='ocrx_word' id='word_1_172' title='bbox 300 1933 546 1996; x_wconf 84' lang='lat' dir='ltr'>liogabalus</span> <span class='ocrx_word' id='word_1_173' title='bbox 581 1932 840 1990; x_wconf 84' lang='lat' dir='ltr'>invenerat,</span> <span class='ocrx_word' id='word_1_174' title='bbox 875 1933 1037 1979; x_wconf 81' lang='lat' dir='ltr'>resolvi</span> <span class='ocrx_word' id='word_1_175' title='bbox 1076 1935 1313 1994; x_wconf 84' lang='lat' dir='ltr'>praecepit‚</span> <span class='ocrx_word' id='word_1_176' title='bbox 1349 1949 1494 1994; x_wconf 89' lang='lat' dir='ltr'>neque</span> <span class='ocrx_word' id='word_1_177' title='bbox 1529 1932 1577 1978; x_wconf 89' lang='lat' dir='ltr'>in</span> 
     </span>
     <span class='ocr_line' id='line_1_26' title="bbox 300 2004 1577 2068; baseline -0.001 -16"><span class='ocrx_word' id='word_1_178' title='bbox 300 2007 382 2053; x_wconf 88' lang='lat' dir='ltr'>usu</span> <span class='ocrx_word' id='word_1_179' title='bbox 417 2005 675 2068; x_wconf 85' lang='lat' dir='ltr'>cujusquam</span> <span class='ocrx_word' id='word_1_180' title='bbox 716 2006 910 2059; x_wconf 77' lang='lat' dir='ltr'>versari,</span> <span class='ocrx_word' id='word_1_181' title='bbox 940 2021 1071 2067; x_wconf 82' lang='lat' dir='ltr'>atque</span> <span class='ocrx_word' id='word_1_182' title='bbox 1105 2023 1159 2052; x_wconf 89' lang='lat' dir='ltr'>ex</span> <span class='ocrx_word' id='word_1_183' title='bbox 1194 2023 1250 2051; x_wconf 90' lang='lat' dir='ltr'>eo</span> <span class='ocrx_word' id='word_1_184' title='bbox 1286 2006 1351 2052; x_wconf 80' lang='lat' dir='ltr'>bis</span> <span class='ocrx_word' id='word_1_185' title='bbox 1383 2004 1577 2052; x_wconf 78' lang='lat' dir='ltr'>materiae</span> 
     </span>
     <span class='ocr_line' id='line_1_27' title="bbox 301 2078 1576 2141; baseline -0.001 -16"><span class='ocrx_word' id='word_1_186' title='bbox 301 2096 471 2126; x_wconf 89' lang='lat' dir='ltr'>nomen</span> <span class='ocrx_word' id='word_1_187' title='bbox 489 2079 674 2124; x_wconf 84' lang='lat' dir='ltr'>inditum</span> <span class='ocrx_word' id='word_1_188' title='bbox 697 2079 773 2135; x_wconf 81' lang='lat' dir='ltr'>est,</span> <span class='ocrx_word' id='word_1_189' title='bbox 793 2097 892 2126; x_wconf 90' lang='lat' dir='ltr'>cum</span> <span class='ocrx_word' id='word_1_190' title='bbox 914 2080 1098 2134; x_wconf 88' lang='lat' dir='ltr'>diceret,</span> <span class='ocrx_word' id='word_1_191' title='bbox 1117 2080 1214 2140; x_wconf 90' lang='lat' dir='ltr'>plus</span> <span class='ocrx_word' id='word_1_192' title='bbox 1235 2078 1576 2141; x_wconf 84' lang='lat' dir='ltr'>largiendihanc</span> 
     </span>
     <span class='ocr_line' id='line_1_28' title="bbox 302 2150 1580 2213; baseline -0.002 -15"><span class='ocrx_word' id='word_1_193' title='bbox 302 2152 386 2198; x_wconf 81' lang='lat' dir='ltr'>effe</span> <span class='ocrx_word' id='word_1_194' title='bbox 401 2151 665 2213; x_wconf 87' lang='lat' dir='ltr'>Imperatori</span> <span class='ocrx_word' id='word_1_195' title='bbox 693 2151 865 2197; x_wconf 87' lang='lat' dir='ltr'>causam</span> <span class='ocrx_word' id='word_1_196' title='bbox 883 2186 897 2205; x_wconf 85' lang='lat'>,</span> <span class='ocrx_word' id='word_1_197' title='bbox 913 2152 1084 2207; x_wconf 84' lang='lat' dir='ltr'>fi,cum</span> <span class='ocrx_word' id='word_1_198' title='bbox 1116 2151 1281 2198; x_wconf 84' lang='lat' dir='ltr'>multos</span> <span class='ocrx_word' id='word_1_199' title='bbox 1306 2151 1472 2198; x_wconf 77' lang='lat' dir='ltr'>solidos</span> <span class='ocrx_word' id='word_1_200' title='bbox 1495 2150 1580 2196; x_wconf 83' lang='lat' dir='ltr'>mi-</span> 
     </span>
     <span class='ocr_line' id='line_1_29' title="bbox 305 2221 1576 2285; baseline -0.002 -16"><span class='ocrx_word' id='word_1_201' title='bbox 305 2240 438 2270; x_wconf 87' lang='lat' dir='ltr'>nores</span> <span class='ocrx_word' id='word_1_202' title='bbox 456 2224 558 2270; x_wconf 87' lang='lat' dir='ltr'>dare</span> <span class='ocrx_word' id='word_1_203' title='bbox 580 2223 733 2285; x_wconf 71' lang='lat' dir='ltr'>pellit,</span> <span class='ocrx_word' id='word_1_204' title='bbox 754 2223 862 2269; x_wconf 84' lang='lat' dir='ltr'>dans</span> <span class='ocrx_word' id='word_1_205' title='bbox 883 2224 1034 2268; x_wconf 86' lang='lat' dir='ltr'>decem</span> <span class='ocrx_word' id='word_1_206' title='bbox 1057 2222 1131 2267; x_wconf 93' lang='lat' dir='ltr'>vel</span> <span class='ocrx_word' id='word_1_207' title='bbox 1157 2224 1344 2285; x_wconf 85' lang='lat' dir='ltr'>amplius</span> <span class='ocrx_word' id='word_1_208' title='bbox 1368 2239 1452 2268; x_wconf 90' lang='lat' dir='ltr'>una</span> <span class='ocrx_word' id='word_1_209' title='bbox 1479 2221 1576 2268; x_wconf 88' lang='lat' dir='ltr'>for-</span> 
     </span>
     <span class='ocr_line' id='line_1_30' title="bbox 305 2293 1578 2358; baseline -0.001 -18"><span class='ocrx_word' id='word_1_210' title='bbox 305 2311 375 2340; x_wconf 85' lang='lat' dir='ltr'>ma</span> <span class='ocrx_word' id='word_1_211' title='bbox 393 2329 408 2352; x_wconf 87' lang='lat'>,</span> <span class='ocrx_word' id='word_1_212' title='bbox 436 2295 619 2358; x_wconf 83' lang='lat' dir='ltr'>triginta</span> <span class='ocrx_word' id='word_1_213' title='bbox 645 2296 693 2341; x_wconf 86' lang='lat'>&amp;</span> <span class='ocrx_word' id='word_1_214' title='bbox 723 2293 1046 2358; x_wconf 82' lang='lat' dir='ltr'>quinquaginta</span> <span class='ocrx_word' id='word_1_215' title='bbox 1076 2294 1125 2340; x_wconf 87' lang='lat'>&amp;</span> <span class='ocrx_word' id='word_1_216' title='bbox 1154 2308 1333 2341; x_wconf 88' lang='lat' dir='ltr'>centum</span> <span class='ocrx_word' id='word_1_217' title='bbox 1365 2294 1467 2340; x_wconf 89' lang='lat' dir='ltr'>dare</span> <span class='ocrx_word' id='word_1_218' title='bbox 1493 2309 1578 2342; x_wconf 88' lang='lat' dir='ltr'>co-</span> 
     </span>
     <span class='ocr_line' id='line_1_31' title="bbox 307 2378 526 2429; baseline 0.005 -16"><span class='ocrx_word' id='word_1_219' title='bbox 307 2378 494 2429; x_wconf 82' lang='lat' dir='ltr'>geretur.</span> <span class='ocrx_word' id='word_1_220' title='bbox 524 2424 526 2427; x_wconf 16' lang='lat' dir='ltr'>v</span> 
     </span>
    </p>

    <p class='ocr_par' dir='ltr' id='par_1_3' title="bbox 369 2436 1577 2504">
     <span class='ocr_line' id='line_1_32' title="bbox 369 2436 1577 2504; baseline -0.002 -16"><span class='ocrx_word' id='word_1_221' title='bbox 369 2441 464 2488; x_wconf 88' lang='lat' dir='ltr'>XL.</span> <span class='ocrx_word' id='word_1_222' title='bbox 488 2440 640 2490; x_wconf 84' lang='lat' dir='ltr'>Vestes</span> <span class='ocrx_word' id='word_1_223' title='bbox 673 2438 829 2492; x_wconf 83' lang='lat' dir='ltr'>sericas</span> <span class='ocrx_word' id='word_1_224' title='bbox 855 2438 946 2504; x_wconf 85' lang='lat' dir='ltr'>ipse</span> <span class='ocrx_word' id='word_1_225' title='bbox 973 2455 1089 2488; x_wconf 85' lang='lat' dir='ltr'>raras</span> <span class='ocrx_word' id='word_1_226' title='bbox 1111 2437 1287 2488; x_wconf 83' lang='lat' dir='ltr'>habuit:</span> <span class='ocrx_word' id='word_1_227' title='bbox 1308 2436 1577 2488; x_wconf 86' lang='lat' dir='ltr'>holosericas</span> 
     </span>
    </p>
   </div>
  </div>
 </body>
</html>
