1714 2807
322 140 416 186 206
548 140 740 185 FLAVH
758 138 1016 186 .VOPISC1
1051 139 1413 188 FLORIANUS.

319 248 433 313 Justo
461 250 575 308 patri
607 251 844 293 Autronius
882 249 1128 294 Tiberianus
1146 250 1342 310 salutern.
1375 252 1506 297 Nunc
1535 267 1572 297 te
1596 287 1611 310 ‚
1653 300 1656 301 ⁷

311 320 589 383 paterfiznffe
604 356 618 378 ,
645 319 823 385 intereſje
845 324 979 367 decuit
1001 326 1179 369 Senatui
1199 325 1447 388 ampliffi‘mo
1459 345 1479 382 ;
1502 346 1613 373 nunc

255 436 259 441 ,
307 397 565 458 sententiam
591 397 717 441 dicere
731 415 751 452 ;
773 414 865 442 curn
891 411 1056 442 tanturn
1083 399 1336 443 auHorftatis
1363 402 1496 462 arnpli
1527 419 1614 445 lmo

325 471 465 516 ordini
485 470 669 526 creverit,
690 486 737 514 ut
755 485 921 524 revertat
941 472 984 514 in
1009 473 1225 530 antiquum
1246 473 1395 532 statum
1418 472 1612 532 respubli-

323 539 459 598 ca‚&
488 559 565 586 nos
590 543 805 600 Principes
839 545 1012 599 demus,
1041 561 1117 588 nos
1137 543 1357 601 faciamus
1390 548 1616 604 Imperato-

324 630 407 671 res,
425 633 503 660 nos
525 617 695 676 denique
726 633 1010 676 nuncupemus
1040 618 1263 682 Augustos¹
1289 619 1377 662 Fac
1397 620 1545 678 igitur,
1573 635 1618 662 ut

323 691 588 750 convalescas
601 725 612 745 ‚
639 693 757 736 curia:
775 690 1047 748 interfuturus
1066 692 1262 750 antiquae.
1286 693 1381 736 Nos
1399 694 1618 752 recepimus

317 763 395 819 jus
413 764 727 823 proconsulare,
757 765 960 806 redierunt
988 764 1048 807 ad
1072 761 1312 818 Pricficiurn
1333 763 1444 806 urbis
1473 767 1617 823 appel-

326 840 506 883 lotiones
530 841 719 882 omniurn
751 837 1020 901 potestatum,
1052 833 1095 882 δ’
1130 839 1318 882 omniurn
1353 838 1621 898 dignitatum.

325 913 438 956 Item
472 909 571 956 alia.
605 913 809 956 Claudius
850 912 1120 970 Capellianus
1152 910 1287 967 Cerejo
1317 912 1512 955 *Metiano
1537 930 1621 971 pa-

328 1002 421 1030 truo
439 985 638 1045 salutern.
677 985 982 1039 Obtinuirnus,
1003 1001 1127 1045 pater
1141 985 1309 1044 sanile,
1338 986 1450 1044 quod
1461 985 1625 1046 semper

328 1061 596 1118 optavimus:
625 1061 671 1104 in
695 1059 914 1120 antiquum
934 1059 1089 1121 statum
1119 1062 1298 1103 Senatus
1326 1062 1494 1105 revertit.
1530 1063 1622 1106 Nos

329 1134 551 1193 Principes
563 1131 756 1191 flzcimus
768 1150 788 1187 ,·
808 1133 932 1197 nostri
961 1133 1126 1178 ordinis
1139 1132 1247 1191 sient
1261 1133 1489 1197 potestates.
1510 1133 1624 1178 Gra-

330 1207 415 1251 tias
435 1208 632 1251 exercitui
653 1207 850 1251 Romano
867 1240 879 1261 ‚
907 1203 948 1250 δ’
976 1225 1062 1251 vere
1087 1208 1309 1251 Romano:
1343 1208 1522 1252 reddidit
1546 1225 1625 1252 no-

330 1281 419 1336 bis,
444 1298 567 1339 quarn
576 1279 735 1340 semper
767 1283 990 1326 habuimus
1005 1315 1018 1336 ‚
1039 1281 1288 1347 potestatem.
1314 1280 1467 1339 Abjice
1488 1280 1626 1335 Baja-

333 1369 410 1396 nos
436 1354 769 1413 Puteolanosque
787 1350 975 1415 Jeceſjits.
1014 1354 1094 1397 Da
1125 1368 1160 1396 te
1187 1354 1304 1401 urbi,
1340 1354 1395 1396 da
1426 1368 1461 1396 te
1494 1354 1626 1396 curiae.

333 1426 476 1470 Floret
504 1426 643 1470 Roma
665 1427 815 1491 ,floret
848 1442 937 1471 tota
964 1426 1202 1485 respublica.
1234 1427 1504 1485 Imperatores
1546 1427 1626 1469 du-

334 1515 452 1552 mus,
490 1499 711 1558 Principes
735 1499 927 1557 facimus
944 1514 959 1542 :
986 1496 1203 1560 poſjurmis
1231 1496 1272 1543 fr
1292 1500 1530 1557 prohibere,
1559 1500 1629 1558 qui

335 1571 534 1629 caepirnus
551 1569 707 1629 facere.
732 1565 911 1618 Dic‘lum
929 1572 1113 1631 sapienti
1135 1571 1212 1630 siu
1235 1570 1297 1635 est.
1330 1571 1539 1633 Longum
1568 1572 1631 1616 est

336 1658 497 1689 omnes
517 1644 726 1705 epistolas
746 1646 1015 1692 conuekstre
1031 1679 1043 1700 ,
1074 1660 1185 1706 quas
1211 1643 1386 1705 reperi,
1402 1659 1511 1705 quas
1534 1643 1634 1706 legi.

337 1728 512 1762 tantum
535 1716 646 1764 illud
677 1719 782 1765 dico
800 1754 814 1776 ,
837 1722 1077 1765 Senatores
1101 1733 1260 1763 omnes
1284 1734 1334 1763 ea
1366 1717 1451 1763 effe
1482 1716 1634 1763 laetitia

338 1790 482 1836 elatos
501 1826 516 1849 ,
544 1806 592 1838 ut
619 1793 832 1840 domibus
864 1793 948 1839 suis
976 1807 1167 1849 omnes,
1201 1791 1323 1838 albas
1351 1789 1518 1836 hostias
1549 1807 1634 1837 cae·

341 1862 523 1920 derent,
542 1865 757 1927 imagines
785 1863 1043 1928 frequenter
1073 1863 1324 1927 aperirent,
1348 1862 1485 1909 albati
1509 1862 1636 1909 sede-

341 1948 472 1994 rent,
500 1938 724 1985 convivia
748 1938 1045 1988 sumtuofiora
1076 1939 1384 1999 praevenirent
1401 1972 1415 1996 ,
1435 1936 1635 2002 antiqui-

344 2021 480 2058 tatem
505 2009 586 2059 fibi
617 2013 836 2060 redditam
863 2013 1111 2061 crederent.

753 2185 1243 2197 --——-—.——-
