1714 2807
269 180 271 182 ’
319 161 380 209 26
573 162 777 209 JULII
825 161 1327 213 CAPITOLINI

315 283 530 335 quantum
564 272 800 321 obsecutus
829 271 915 330 est,
945 273 1015 320 sed
1042 286 1091 320 ut
1119 273 1308 320 donaret
1332 287 1383 321 ac
1409 270 1592 337 largire-3

313 354 401 391 tur.
437 360 535 391 nam
569 344 616 390 in
655 344 993 393 salutationibus
1033 345 1356 407 superbiffimus
1393 359 1506 398 erat,
1541 347 1593 394 δε

313 433 497 463 manum
523 418 810 481 porrigebat,
835 435 978 482 genua
1006 417 1085 465 fibi
1109 417 1299 466 osculari
1321 418 1594 480 patiebatur,

312 489 366 537 &
396 505 722 553 nonnunquam
752 491 883 537 etiam
912 492 1069 553 pedes:
1095 491 1219 554 quod
1250 507 1474 552 nunquam
1500 491 1592 552 pas·

311 559 382 607 sus
409 562 469 608 est
497 561 647 609 senior
675 563 977 621 Maximinus,
1001 561 1077 626 qui
1110 563 1310 619 dicebat,
1338 567 1425 611 Dii
1442 566 1594 624 prohi-

312 636 463 691 beant,
482 652 527 682 ut
551 638 771 697 quisquam
803 638 1069 698 ingenuorum
1087 639 1259 697 pedibus
1284 640 1382 682 meis
1410 639 1592 697 osculum

301 710 427 770 figat.
457 709 511 754 Et
544 707 758 769 quoniam
794 708 848 754 ad
881 707 1159 755 Maximinos
1191 708 1486 764 revertimur,
1523 723 1594 755 res

310 776 521 840 jucundae
541 780 859 841 praetereundae
877 795 970 825 non
997 779 1107 826 sunt.
1130 796 1229 826 nam
1250 796 1350 826 cum
1372 780 1474 826 esset
1496 782 1593 826 Ma·

311 850 510 897 ximinus
533 852 721 913 pedum,
747 865 795 896 ut
821 850 1041 908 diximus,
1068 852 1171 898 oc'lo
1197 853 1245 899 δι
1271 867 1412 914 prope
1435 851 1592 910 semis,

313 923 662 970 calceamentum
686 922 804 982 ejus,
834 922 878 969 id
899 923 983 982 est,
1011 941 1266 987 campagum
1295 926 1460 989 regium
1491 925 1594 988 qui-

310 995 412 1041 dam
440 995 487 1041 in
521 995 652 1052 luco,
678 995 754 1058 qui
792 995 853 1041 est
881 995 998 1043 inter
1030 996 1282 1061 Aquileiam
1307 999 1356 1045 &
1387 998 1594 1056 Arciam,

312 1069 584 1131 posuerunt,
612 1069 737 1131 quod
769 1069 942 1115 constat
975 1070 1086 1131 pede
1120 1070 1261 1131 majus
1289 1069 1411 1116 fuisse
1443 1070 1594 1117 homi-

311 1143 382 1191 nis
412 1142 602 1206 vestigio
631 1154 763 1206 arque
791 1143 1017 1190 mensura:
1038 1143 1155 1190 unde
1179 1143 1310 1190 etiam
1340 1144 1479 1207 vulgo
1508 1157 1596 1190 tra-

311 1216 430 1262 &um
458 1214 544 1270 est,
574 1232 675 1260 curn
700 1215 751 1260 de
783 1215 927 1277 longis
959 1216 1007 1262 &
1035 1214 1195 1277 ineptis
1231 1215 1490 1262 hominibus
1523 1214 1594 1262 di·-

310 1297 510 1343 ceretur,
537 1290 683 1349 Caliga
706 1289 959 1333 Maximim'.
981 1287 1103 1349 quod
1129 1286 1300 1334 idcirco
1326 1287 1490 1343 indidi,
1510 1303 1595 1343 ne,

310 1358 390 1420 qui
414 1360 615 1405 Cordum
645 1361 839 1422 legeret,
861 1376 930 1405 me
954 1359 1270 1422 praetermififfe
1293 1360 1491 1406 crederet
1510 1359 1594 1406 ali·

309 1430 417 1493 quid
432 1467 444 1487 ‚
466 1431 589 1494 quod
609 1431 661 1478 ad
677 1449 766 1478 rem
786 1432 1038 1494 pertineret.
1066 1432 1150 1478 Sed
1172 1432 1344 1480 redeam
1365 1432 1421 1478 ad
1440 1431 1597 1481 filium.

391 1505 463 1549 111.
492 1506 563 1551 De
596 1505 684 1552 hoc
712 1505 992 1551 adolescente
1023 1505 1276 1551 Alexander
1300 1505 1507 1551 Aurelius
1539 1504 1596 1551 ad

311 1588 497 1623 matrem
520 1567 637 1623 suam
668 1576 818 1623 scribit
848 1579 1159 1633 Mammaeam,
1183 1576 1367 1639 cupiens
1396 1576 1434 1622 ei
1465 1577 1596 1622 soro-

310 1665 406 1696 rem
430 1648 548 1695 suam
581 1650 844 1697 Theocliam
868 1650 995 1706 dare,
1017 1648 1062 1695 in
1092 1649 1186 1697 haec
1216 1650 1377 1695 verba:
1401 1651 1472 1696 Mi
1499 1662 1597 1695 mad

311 1736 391 1779 ter,
409 1722 459 1786 fi
477 1725 753 1769 Maximinus
766 1724 910 1784 finior
936 1726 1026 1768 dux
1056 1723 1207 1789 nester,
1232 1720 1275 1769 δ’
1300 1723 1460 1783 quidem
1485 1725 1597 1783 opti-

312 1813 434 1851 mus,
458 1815 544 1841 non
577 1799 744 1857 aliquid
769 1800 813 1842 in
831 1798 879 1857 fi
904 1798 1122 1841 barbarum
1150 1798 1385 1853 contineret,
1399 1796 1494 1852 jam
1526 1814 1598 1858 ego

309 1871 563 1915 Maximino
567 1869 738 1927 juniori
758 1873 991 1916 Theocliam
1011 1886 1124 1915 cuam
1147 1865 1351 1932 dediffem.
1366 1871 1449 1914 Sed
1457 1871 1595 1926 timeo,

310 1961 361 1987 ne
375 1944 500 2002 sbror
517 1962 631 2001 mea,
665 1946 820 1990 Graecis
844 1945 1059 1990 munditiis
1080 1944 1262 1996 erudita,
1284 1944 1498 1988 barbatum
1518 1942 1599 2002 sod

312 2034 444 2061 cerum
452 2016 562 2074 ferre
582 2035 671 2062 non
692 2015 839 2077 pfft:
860 2018 1049 2077 quamvis
1075 2015 1160 2076 ipsi:
1182 2014 1414 2074 adolescens
1439 2012 1482 2060 G*
1495 2017 1596 2074 pul-

310 2091 424 2147 cher,
453 2087 494 2134 6³
520 2090 790 2153 fiholasticus
807 2124 820 2146 ,
847 2092 906 2134 ad
947 2090 1113 2135 Graecas
1139 2088 1375 2133 munditias
1414 2089 1596 2133 eruditus

313 2161 384 2226 effi
409 2166 606 2210 videatur.
632 2166 734 2210 Haec
759 2167 920 2224 quidem
944 2165 1103 2224 cogito:
1119 2163 1200 2224 sed
1219 2179 1253 2207 te
1284 2177 1420 2207 tamen
1443 2162 1595 2221 consu-

311 2241 354 2283 lo
368 2272 378 2294 ,
394 2253 528 2284 utrum
554 2239 846 2283 Maximinum
860 2271 872 2291 ,
890 2238 1130 2281 Maximini
1136 2236 1298 2293 filium,
1321 2252 1508 2296 generum
1526 2252 1595 2280 νε-

313 2312 393 2364 lis,
424 2329 481 2355 an
509 2308 743 2373 Ilseffzllam
772 2328 825 2354 ex
839 2307 1016 2367 familia
1035 2310 1193 2365 nobili,
1216 2322 1412 2352 oratorem
1439 2322 1594 2367 poten·

312 2382 507 2444 tiffimum
550 2385 794 2443 eundemque
836 2380 1095 2443 doHiffi'mum
1108 2414 1125 2434 ,
1151 2377 1220 2435 δ’,
1249 2378 1333 2443 nisi
1347 2377 1514 2436 fallor,
1544 2377 1593 2422 in

312 2457 427 2502 rebus
445 2457 598 2503 bellicis
601 2456 653 2522 st
665 2457 889 2519 applicetur
902 2487 918 2516 ‚
928 2453 1085 2521 fortem
1093 2452 1302 2514 futurum.
1320 2451 1429 2500 Haec
1451 2449 1594 2504 Alexa
