1637 2785
250 136 506 184 DIVUS
557 133 1110 183 AURELIANUS.
1260 129 1353 179 181·

55 240 317 290 Mnestheus
348 242 500 305 postea
528 241 745 288 surreaus
773 241 827 288 ad
851 239 1071 303 stipitem,
1095 236 1245 286 bestiis
1266 238 1354 285 o.b-'

53 315 196 378 jedlus
213 315 297 362 est:
317 315 443 377 quod
467 314 617 360 statuae
641 326 904 361 marmoreae
931 314 1086 375 pofitae
1110 312 1157 359 in
1185 311 1348 358 eodem

55 389 168 436 loco
192 388 401 450 utrinque
430 385 708 450 significant,
737 387 813 433 ubi
843 388 892 434 &
917 387 961 432 in
996 386 1221 435 columnis
1261 384 1352 432 Di-

55 478 123 509 vo
153 461 399 508 Aureliano
423 460 573 506 statuae
599 458 855 507 constitutae
881 459 995 507 sunt.
1022 460 1208 506 Senatus
1231 474 1354 504 mor·

54 546 146 581 tem
171 534 264 594 ejus
293 533 490 598 graviter
513 533 640 589 tulit,
666 532 844 597 gravius
866 544 1013 579 tamen
1040 534 1234 595 populus
1255 533 1355 577 Ro-

54 623 238 660 manus,
259 607 337 667 qui
371 606 512 670 vulgo
541 606 742 663 dicebat,
771 607 1052 653 Aurelianum
1075 609 1353 667 paedagogum

54 679 402 744 effiSetzatorum.
439 680 687 742 Imperavit
718 679 846 726 annis
881 679 986 737 sex,
1021 678 1169 725 minus
1202 678 1355 739 paucis

56 754 242 800 diebus:
267 771 318 801 ac
350 754 481 800 rebus
510 753 679 818 magnis
705 753 834 817 gestis
865 752 982 801 inter
1005 753 1163 801 Divos
1189 752 1356 800 relatus

56 826 133 874 est.
155 827 274 888 Quia
295 827 488 890 pertinet
518 828 571 874 ad
602 828 924 885 Aurelianum,
952 827 1026 884 id,
1048 827 1172 890 quod
1201 826 1246 872 in
1280 826 1354 871 hi-

58 899 194 946 storia
214 902 401 948 relatum
424 901 509 956 est,
536 914 683 949 tacere
709 919 803 949 non
832 902 981 950 debui.
1002 903 1118 948 Nam
1139 900 1268 947 multi
1292 898 1356 945 fe-

60 988 194 1029 runt,
210 974 488 1033 Quintillum
504 1009 517 1030 ‚
533 973 712 1021 fratrem
735 975 941 1033 Claudii,
962 992 1062 1022 cum
1080 974 1124 1020 in
1147 972 1356 1035 praefidio

57 1045 219 1092 Italico
245 1046 374 1103 esset,
400 1046 550 1094 audita
583 1062 730 1094 morte
757 1047 964 1106 Claudii,
991 1047 1177 1094 sumfiffe
1208 1047 1357 1106 impe-

60 1118 194 1165 rium.
222 1136 380 1166 verum
411 1119 591 1182 postea,
611 1120 686 1166 ubi
712 1120 1002 1167 Aurelianum
1031 1119 1254 1182 comperit
1275 1119 1358 1166 im-

60 1209 246 1255 perare,
277 1211 301 1239 a
329 1206 432 1240 toto
467 1193 671 1240 exercitu
701 1194 988 1250 derelissum3
1017 1209 1208 1256 cumque
1241 1208 1358 1239 con-

60 1277 130 1312 tra
150 1282 251 1312 eum
284 1266 666 1322 concionaretur,
695 1283 778 1313 nec
805 1284 829 1313 a
858 1266 1075 1313 militibus
1100 1264 1364 1322 audiretur,

60 1335 210 1396 incisis
231 1338 401 1386 {ibimet
419 1338 546 1387 venis
561 1370 575 1395 ,
599 1338 670 1385 die
688 1339 901 1385 vicesimo
919 1337 1094 1401 imperii
1117 1336 1177 1391 suri
1198 1335 1358 1398 periis-

61 1411 120 1460 se.
157 1413 396 1478 Quidquid
430 1414 529 1462 sane
569 1414 783 1462 scelerum
826 1414 938 1472 fuit,
974 1412 1192 1477 quidquid
1230 1411 1360 1457 malae

62 1487 386 1545 conscientiae,
413 1489 488 1537 vel
513 1488 671 1535 artium
704 1486 975 1534 funestarum
996 1521 1009 1543 ‚
1036 1483 1254 1548 quidquid
1277 1484 1359 1530 de-

64 1558 204 1622 nique
230 1559 474 1608 faetionum
488 1595 504 1619 ‚
520 1558 784 1607 Aurelianus
801 1572 903 1606 toto
925 1558 1102 1622 penitus
1123 1557 1236 1606 orbe
1251 1562 1361 1620 pure

63 1645 203 1696 gaVIt.

139 1706 397 1753 XXXVffl.
427 1705 532 1754 Hoc
563 1721 748 1769 quoque
774 1705 828 1752 ad
859 1721 952 1752 rem
983 1703 1207 1768 pertinere
1235 1701 1360 1750 arbi-²

63 1790 189 1832 tror,
225 1777 393 1824 Balbati
423 1776 503 1824 filii
533 1778 719 1824 nomine
749 1778 995 1824 Zenobiam
1014 1812 1028 1835 ‚
1065 1785 1162 1823 non
1193 1775 1361 1822 Timo-i

63 1850 124 1897 lai
149 1852 199 1898 &
223 1850 526 1906 Herenniani,
547 1850 786 1913 imperium
816 1850 1025 1908 tenuisse,
1045 1849 1170 1912 quod
1201 1848 1362 1895 tenuit,v

64 1923 168 1971 Fuit
200 1923 280 1970 sub
311 1924 559 1971 Aureliano
588 1924 722 1972 etiam
761 1926 1120 1972 monetariorum
1160 1922 1361 1981 bellum,

64 1996 332 2044 Feliciffimo
358 1997 567 2046 rationali
601 2000 805 2047 auelore:
831 1999 956 2064 quod
987 1991 1202 2047 acerrime
1230 1997 1362 2043 seve-

66 2068 320 2132 riffimeque
345 2070 650 2134 compescuit,
670 2072 834 2136 septem
863 2085 1011 2120 tamen
1039 2071 1236 2118 millibus
1258 2068 1365 2115 suo-³

65 2157 164 2188 rum
183 2142 375 2188 militum
397 2143 643 2202 interemtis
658 2180 671 2202 ,
698 2158 748 2191 ut
771 2144 956 2207 epistola
981 2146 1142 2201 docet,
1159 2142 1282 2189 miffa
1305 2138 1363 2187 ad

68 2216 259 2277 Ulpium
288 2216 513 2264 Crinitum
535 2231 602 2265 ter
627 2218 872 2265 Consulem
891 2254 905 2276 ‚
930 2218 1008 2281 qui
1026 2235 1129 2265 eum
1160 2228 1263 2263 ante
1286 2213 1366 2260 ad-

68 2301 325 2351 optaverat.
355 2295 614 2338 Aurelianus
646 2294 860 2359 Augustus
897 2293 1037 2354 Ulpio
1067 2291 1199 2353 patri.
1232 2285 1368 2351 Quasi

59 2360 201 2421 fatale
226 2363 424 2422 quiddam
454 2363 629 2426 bleffe,
659 2381 705 2412 ut
727 2368 872 2411 omnia
885 2400 900 2423 ,
921 2382 1161 2426 quaecunque
1188 2359 1334 2424 gestem
1347 2393 1367 2416 ,

74 2452 218 2482 omnes
247 2453 386 2484 motus
415 2440 721 2502 ingravqscam.
749 2443 819 2488 Ita
852 2442 962 2488 enim
983 2440 1132 2500 seditio
1160 2437 1371 2487 imitamur.

939 2512 1052 2574 M3.
