1637 2785
251 105 622 154 TACITUS
672 105 1195 153 IMPERATOR.
1306 122 1393 169 199

91 215 143 263 &
173 229 230 260 ne
257 212 477 261 lefi'torum
508 212 683 260 incuria
715 213 968 276 deperiret,
996 213 1161 260 librum
1191 227 1273 274 per
1308 229 1393 259 an-

89 302 178 333 nos
219 286 417 348 singulos
465 285 611 332 decies
650 284 781 332 scribi
819 285 1065 347 publicitus
1107 285 1153 332 in
1195 289 1220 311 ³*
1255 284 1398 333 evicis

87 360 249 409 archiis
284 359 438 422 juffit,
470 361 521 407 δε
564 359 611 406 in
650 359 939 408 bibliothecis
985 361 1112 424 poni.
1155 360 1393 407 Holoseri-

90 451 190 482 cam
242 433 409 482 vestem
455 431 568 480 viris
613 434 830 480 omnibus
881 434 1125 480 interdixit.
1179 435 1391 481 Domum

88 507 210 554 suam
247 506 413 554 destrui
451 507 695 569 praecepit,
725 518 860 570 atque
891 507 936 552 in
966 523 1023 553 eo
1052 507 1162 553 loco
1196 507 1391 553 thermas

87 579 292 643 publicas
318 579 416 627 fieri
450 582 634 644 privato
670 580 817 628 sumtu
852 579 987 641 juffit.
1015 579 1249 626 columnas
1279 595 1416 626 cen-·

87 667 184 700 tum
215 652 508 713 Numidicas,
531 655 698 717 pedum
723 653 939 702 vicenum
970 652 1176 711 ternum,
1205 652 1390 698 Ostien-

87 729 208 775 sibus
229 727 419 774 donavit
437 728 491 774 de
510 728 716 791 proprio.
737 727 1051 784 Posseffione8‚
1066 743 1175 791 quas
1193 726 1238 772 in
1256 727 1390 771 Mau-

86 801 250 849 ritania
278 803 465 860 habuit,
487 801 611 851 sartis
639 804 765 850 testis
786 802 1004 866 Capitolii
1028 800 1280 865 deputavit.
1300 801 1387 845 Ar-

85 890 271 940 gentum
308 876 501 924 mensale
525 913 542 934 ,
579 878 707 941 quod
740 878 949 940 privatus
977 878 1216 933 habuerat,
1247 872 1387 921 mini-

84 949 226 997 steriis
256 950 586 998 conviviorum
604 986 618 1009 ,
638 967 742 1014 quae
768 951 815 998 in
837 949 1017 1014 templis
1044 949 1232 1007 fierent,
1255 947 1384 995 dedi-

82 1022 225 1071 cavit.
248 1016 417 1070 Servos
445 1023 648 1070 urbanos
680 1040 841 1071 omnes
868 1023 1124 1071 manumisit
1151 1021 1383 1083 utriusque

81 1096 240 1154 sexus3
269 1096 388 1144 intra
423 1109 604 1145 centum
641 1109 820 1156 tamen,
849 1114 906 1145 ne
931 1096 1170 1145 Caniniam
1198 1094 1383 1142 transire

82 1168 333 1217 videretur.

159 1242 240 1289 XI.
270 1243 364 1305 Ipse
391 1241 479 1290 fuit
511 1241 619 1291 vitae
652 1243 949 1306 parciffimae,
972 1242 1034 1290 ita
1065 1255 1113 1290 ut
1141 1240 1379 1289 sextarium

80 1314 182 1363 vini
205 1327 301 1363 tota
321 1315 391 1364 die
419 1334 651 1381 nunquam
677 1318 937 1380 potaverit,
963 1318 1080 1380 saepe
1101 1317 1216 1364 intra
1237 1313 1383 1363 hemi-

80 1405 198 1434 nam.
227 1388 519 1436 Convivium
551 1406 664 1437 vero
687 1390 820 1438 unius
851 1390 1113 1455 gallinacei,
1134 1391 1196 1437 ita
1223 1404 1272 1436 ut
1294 1389 1381 1436 fin-

80 1463 208 1526 ciput
237 1464 449 1523 adderet,
479 1467 528 1513 &
552 1481 658 1513 ova.
686 1467 783 1512 Prae
814 1466 1059 1524 omnibus,
1090 1465 1293 1513 oleribus
1316 1462 1381 1510 af-

78 1536 205 1584 fatim
232 1537 522 1595 ministratis,
544 1536 728 1585 latinos
757 1536 1046 1600 impatienter
1075 1536 1281 1585 indulsit:
1301 1535 1380 1585 so-

77 1627 235 1658 mnum
265 1610 384 1659 enim
414 1610 456 1657 se
486 1610 678 1658 mercari
708 1610 783 1657 illa
814 1611 985 1657 sumtus
1014 1610 1230 1658 effusione
1258 1610 1379 1659 dice·

76 1687 167 1735 bat.
201 1686 461 1734 Amariores
493 1685 623 1734 cibos
650 1685 890 1748 appetivit.
916 1686 1094 1733 Balneis
1135 1702 1241 1733 raro
1273 1686 1378 1733 usus

74 1762 164 1819 est,
191 1774 326 1825 atque
352 1760 551 1808 validior
581 1759 665 1806 fuit
684 1760 732 1807 in
761 1759 999 1808 seneftute.
1016 1760 1280 1808 'Vitreorum
1306 1760 1377 1807 di·
1431 1817 1434 1820 Α

79 1834 287 1882 versitate
315 1847 452 1897 atque
479 1833 755 1895 operositate
788 1833 1081 1882 vehementer
1103 1834 1165 1881 est
1186 1834 1376 1881 delesta-

75 1921 162 1956 tus,
189 1909 383 1964 Panem,
402 1905 480 1953 nisi
502 1908 694 1966 siccum,
726 1924 960 1972 nunquam
991 1908 1192 1957 comedit
1210 1944 1223 1966 ‚
1256 1926 1373 1955 eun·

75 1981 270 2044 demque
302 1980 387 2028 sale
418 1993 552 2044 atque
588 1980 686 2027 aliis
723 1982 854 2028 rebus
886 1982 1141 2030 conditum.
1171 1981 1374 2030 Fabrica-

73 2071 176 2101 rum
203 2054 487 2117 peritiffimus
518 2053 630 2101 fuit:
654 2072 933 2104 marmorum
960 2056 1177 2122 cupidus:
1210 2054 1375 2104 nitoris

71 2127 310 2174 Senatorii.
338 2127 646 2174 Venationum
668 2128 902 2178 studiosus.
934 2130 1138 2177 Mensam
1175 2128 1372 2193 denique

73 2200 193 2248 suam
216 2218 446 2265 nunquam
463 2237 477 2258 ,
495 2201 574 2247 nisi
593 2202 857 2265 agrestibus,
881 2204 1120 2266 opimavit.
1145 2203 1369 2251 Fasianam

72 2291 205 2322 avem
228 2310 240 2333 ‚
271 2274 352 2320 nisi
382 2273 465 2322 suo
493 2276 541 2322 &
570 2275 755 2323 suorum
782 2278 949 2336 natali,
980 2280 1030 2327 &
1051 2278 1205 2326 diebus
1227 2277 1368 2325 festis-

72 2344 221 2402 simis,
245 2361 340 2392 non
373 2344 536 2407 posuit.
559 2346 736 2394 Hostias
761 2347 857 2394 suas
878 2348 1052 2411 semper
1080 2349 1267 2396 domum
1298 2364 1366 2395 re-

71 2419 291 2479 vocavit,
310 2419 555 2484 iisdemque
574 2419 679 2468 suos
708 2421 830 2472 vesci
848 2420 982 2485 juffir.
1008 2426 1213 2471 Uxorem
1247 2440 1368 2489 gem*
