1637 2785
254 156 616 204 MAXIMUS
651 155 741 205 ET
774 158 1157 215 BALBINUS.
1289 158 1356 223 6¹7

59 262 151 310 lum
175 275 296 311 tanta
323 263 482 311 seditio
507 264 590 310 fuit
607 301 619 321 ‚
644 277 692 311 ut
716 266 770 311 ad
793 266 961 313 bellum
986 266 1246 315 intestinum
1277 286 1357 317 ve-

62 337 258 396 niretur,
290 337 411 386 urbis
448 338 609 385 Romae
637 354 739 399 pars
774 340 970 387 maxima
1000 340 1314 391 incenderetur
1341 380 1357 402 ,

61 411 223 472 templa
254 408 563 470 foedarentur,
593 427 752 459 omnes
784 412 944 473 plateae
979 430 1144 461 cruore
1178 416 1358 477 pollue-

60 495 236 530 rentur:
257 500 359 530 cum
380 483 621 540 Balbinus,
641 484 786 530 homo
807 483 983 542 senior,
1006 486 1270 534 seditionem
1292 489 1360 535 se-

59 556 164 603 dare
181 573 275 603 non
299 556 460 619 poffet.
482 573 583 604 nam
608 558 656 605 &
676 557 722 602 in
745 557 975 619 publicum
1001 560 1240 619 processit,
1262 580 1359 609 ma-

59 645 143 676 nus
163 629 346 694 singulis
364 630 614 694 quibusque
636 633 782 678 tenuit
797 668 810 690 ,
826 633 875 679 &
895 649 1023 695 paene
1044 633 1180 679 istum
1199 635 1359 697 lapidis

60 703 204 764 paffus
221 703 297 752 est.
313 703 387 752 alii
407 705 581 763 dicunt,
595 705 728 753 etiam
747 705 859 752 fuste
877 706 1127 768 percuffum
1144 707 1243 755 effe.
1266 712 1357 757 Ne-

58 790 147 840 que
182 778 363 826 sedaffet
393 779 669 837 tumultum,
692 779 772 826 nifi
805 779 1026 826 infantem
1065 781 1355 831 Gordianum

60 864 358 912 purpuratum
374 888 386 910 ,
409 853 463 899 ad
487 852 739 915 populum,
756 851 998 915 longiffimi
1018 851 1215 901 hominis
1234 855 1363 903 collo
1430 849 1433 855 Δ

60 923 407 986 superpositum,
427 924 731 986 produxisset:
751 941 848 989 quo
866 923 983 980 viso,
1001 926 1198 987 populus
1211 928 1261 974 δι
1277 929 1360 976 mi-

60 999 158 1046 lites
183 999 319 1063 usque
335 1001 450 1048 adeo
473 1000 633 1063 placati
649 993 749 1048 sunt
764 1036 776 1058 ,
792 1013 843 1046 ut
869 1017 1025 1048 amore
1042 1001 1162 1048 illius
1179 1002 1224 1049 in
1245 1020 1362 1052 cona

61 1073 266 1121 cordiam
297 1073 510 1123 redirent.
535 1073 698 1137 Neque
724 1089 921 1137 unquam
944 1073 1180 1138 quisquam
1210 1076 1256 1123 in
1284 1078 1362 1128 illa

62 1160 191 1194 aetate
213 1147 270 1194 fic
287 1161 457 1194 amatus
477 1147 560 1206 est,
585 1146 750 1194 merito
770 1147 912 1195 avi&
929 1150 1171 1214 avunculi,
1190 1151 1263 1201 seu
1280 1171 1362 1218 pa-

62 1221 159 1276 tris,
175 1238 222 1268 ut
237 1220 415 1283 quidam
433 1220 608 1279 dicunt,
626 1219 702 1282 qui
719 1237 803 1283 pro
819 1222 998 1284 populo
1013 1223 1229 1273 Romano
1246 1246 1361 1279 con..

61 1306 128 1342 tra
155 1296 456 1342 Maximinum
488 1295 534 1341 in
569 1293 720 1342 Africa
755 1294 896 1342 vitam
931 1294 1155 1347 finierant.
1183 1313 1361 1353 tantum

62 1369 179 1432 apud
199 1369 436 1417 Romanos
455 1368 671 1416 memoria
692 1368 915 1417 bonarum
936 1385 1084 1417 rerum
1107 1373 1249 1422 valet.

125 1442 187 1490 X.
219 1443 425 1491 Maximo
455 1443 591 1507 igitur
620 1443 675 1489 ad
707 1443 874 1490 bellum
913 1443 1148 1505 profeElO,
1173 1448 1360 1499 Serranis

63 1534 142 1580 per
164 1533 325 1564 omnes
364 1517 596 1581 regiones,
625 1516 910 1574 consulares,
942 1521 1204 1581 praetorios,
1233 1542 1359 1587 quae.

62 1590 254 1647 stori0s‚
285 1590 526 1665 aedifiriqs,
566 1589 829 1637 tribunitios
865 1590 996 1637 etiam
1039 1592 1165 1641 viros
1210 1601 1323 1645 milit
1344 1618 1356 1649 ς

61 1664 120 1712 ita
141 1677 189 1711 ut
211 1681 496 1728 unaquaeque
523 1663 685 1711 civitas
708 1663 981 1711 frumentum
997 1700 1010 1722 ‚
1031 1683 1151 1713 arma
1174 1671 1222 1717 &
1245 1689 1358 1734 pro„

61 1739 339 1803 pugnacula,
367 1741 416 1787 δι
451 1755 606 1786 muros
638 1752 836 1802 pararet,
875 1753 923 1785 ut
954 1757 1034 1801 per
1066 1741 1251 1806 lingulas
1281 1765 1357 1793 ur-

63 1814 140 1860 bes
172 1813 449 1860 Maximinus
474 1812 747 1876 fatigaretur.
774 1813 938 1862 Juffurn
967 1826 1073 1860 tune
1102 1827 1275 1870 tamen,
1309 1834 1357 1868 ut

64 1887 219 1934 omnia
246 1903 299 1933 ex
325 1886 439 1950 agris
465 1887 509 1933 in
544 1888 752 1935 civitates
782 1887 1103 1951 colligerentur
1122 1924 1132 1942 ‚
1166 1908 1221 1936 ne
1247 1896 1358 1954 quid

64 1960 205 2007 hostis
234 1960 438 2022 publicus
464 1960 703 2008 inveniret.
731 1961 952 2024 Scriptum
984 1961 1045 2008 est
1072 1979 1281 2023 praeterea
1303 1969 1358 2016 ad

64 2050 224 2080 omnes
262 2035 526 2096 provincias
556 2035 688 2082 miffis
723 2034 1044 2092 frumentariis,
1076 2036 1358 2102 jussumque,

67 2119 134 2162 ut,
152 2108 415 2170 quicunque
433 2109 731 2155 Maximinum
757 2108 964 2169 juvisset,
983 2108 1027 2155 in
1051 2111 1241 2158 hostium
1274 2133 1358 2161 nu-

66 2197 193 2228 mero
215 2182 460 2228 duceretur.
490 2186 605 2230 lnter
631 2184 727 2231 haec
747 2185 908 2230 Romae
932 2183 1092 2230 iterum
1116 2185 1356 2237 seditiones

63 2254 182 2300 inter
205 2255 428 2316 populum
457 2257 505 2302 ὃ(
533 2256 694 2302 milites
724 2268 837 2302 ortae
867 2255 979 2302 sunt.
1013 2257 1068 2301 Et
1102 2273 1204 2304 cum
1234 2261 1358 2309 mille

66 2326 204 2372 edifta
224 2326 436 2374 Balbinus
464 2341 772 2391 proponeret,
795 2345 878 2376 nec
898 2329 1150 2388 audiretur,
1177 2345 1355 2380 vetera-

68 2397 113 2444 ni
135 2398 174 2443 se
202 2399 249 2444 ih
278 2400 416 2447 castra
438 2401 646 2462 praetoria
666 2402 964 2450 contulerunt
989 2419 1090 2450 cum
1116 2403 1218 2465 ipfis
1244 2421 1357 2468 prae-

69 2471 254 2520 torianis
267 2508 282 2534 ‚
301 2491 418 2538 quos
435 2475 583 2538 coepit*
601 2476 797 2540 populus
815 2474 1029 2522 oblidere.
1052 2490 1134 2521 nec
1160 2493 1358 2543 unquam

997 2549 1032 2593 E
1067 2566 1093 2595 2„
