1637 2785
1258 131 1348 177 207

179 407 467 478 JULII
530 407 1231 476 CAPITOLINI

75 626 602 702 OPILIUS
663 626 1355 703 MACRINUS

666 803 759 843 AD

299 954 906 1002 DIOCLETIANUM
962 957 1132 1005 AUG.

604 1127 1043 1138 m———u

77 1313 108 1357 1.
143 1272 332 1360 VlTAE
369 1308 555 1355 illorum
584 1306 840 1369 Principum
859 1344 872 1366 ,
893 1307 967 1354 seu
997 1308 1323 1372 Tyrannorum
1345 1347 1361 1370 ‚

76 1384 168 1430 five
193 1382 415 1428 Caesarum
435 1416 449 1439 ‚
478 1380 555 1443 qui
587 1396 680 1425 non
713 1380 789 1425 diu
816 1381 1178 1443 imperaverunt,
1202 1383 1247 1428 iu
1273 1386 1362 1430 ob·-

77 1458 209 1503 scuro
228 1457 392 1514 latent,
412 1455 582 1501 idcirco
598 1455 725 1515 quod
751 1470 898 1518 neque
928 1456 981 1500 de
999 1456 1175 1517 privata
1200 1473 1362 1505 eorum

77 1529 171 1576 vita
191 1527 322 1590 digna
344 1528 444 1574 sunt
467 1522 567 1589 quaie
594 1526 799 1573 dicautur
814 1560 829 1584 ,
850 1542 953 1573 cum
984 1526 1177 1573 omnino
1200 1545 1256 1575 ne
1276 1529 1366 1576 sci-

79 1616 233 1648 rentur
247 1600 424 1664 quidem
441 1635 454 1657 ‚
484 1598 562 1645 nifi
590 1599 844 1661 aspiraffent
873 1600 928 1646 ad
951 1599 1217 1663 imperium3
1241 1603 1291 1648 δέ
1309 1603 1365 1647 de

79 1668 300 1736 imperio,
327 1675 451 1737 quod
478 1689 571 1718 non
604 1672 679 1718 diu
703 1684 978 1730 tenuerunt,
998 1689 1093 1720 non
1114 1675 1252 1721 multa
1275 1675 1362 1722 dici

81 1749 290 1811 poffunt:
326 1764 410 1794 nos
447 1760 592 1793 tamen
623 1763 679 1792 ex
714 1745 899 1793 diverfis
929 1746 1125 1793 historiis
1156 1761 1279 1794 eruta
1314 1748 1362 1796 in

79 1821 224 1868 lucem
256 1819 533 1881 proferemus
551 1854 564 1876 ‚
591 1821 638 1865 δι
660 1834 710 1865 ea
742 1819 952 1881 quidem,
975 1836 1076 1882 quae
1109 1834 1365 1868 memoratu

79 1893 210 1955 digna
229 1903 374 1938 erunt.
398 1907 492 1937 non
510 1891 629 1937 enim
646 1891 706 1936 est
720 1889 948 1954 quisquam
968 1892 1015 1937 in
1035 1891 1146 1952 vita,
1166 1893 1246 1956 qui
1267 1911 1363 1940 non

81 1968 136 2014 ad
171 1967 288 2013 diem
326 1967 635 2028 quodcunque
666 1965 834 2011 fecerit.
871 1966 954 2012 Sed
979 1964 1107 2026 ejus,
1130 1967 1210 2029 qui
1245 1967 1364 2016 viras

82 2040 273 2087 aliorum
290 2039 476 2088 scribere
494 2041 671 2087 orditur
687 2076 701 2098 ,
716 2039 918 2087 officium
939 2041 1001 2088 est
1015 2077 1029 2098 ,
1048 2041 1179 2104 digna
1206 2042 1364 2105 cogui-

81 2115 210 2160 tione
240 2113 522 2175 perscribere.
549 2115 603 2159 Et
622 2114 756 2160 Junio
785 2113 969 2177 quidem
988 2114 1150 2161 Cordo
1170 2113 1364 2161 studium

81 2186 167 2237 fuit
194 2203 351 2233 eorum
369 2189 690 2249 Imperatorum
718 2188 833 2234 vitas
859 2190 990 2236 edere
1012 2224 1026 2246 ‚
1051 2204 1169 2250 quos
1195 2189 1364 2234 obscu-

83 2260 227 2307 riores
257 2259 466 2308 videbat:
495 2261 572 2323 qui
599 2277 694 2307 non
720 2262 912 2308 multum
946 2261 1155 2324 profecit.
1190 2278 1290 2308 nam
1314 2264 1366 2310 &

84 2348 226 2393 pauca
249 2332 413 2394 reperit
430 2367 446 2389 ,
478 2333 529 2380 δι
555 2333 738 2397 indigna
759 2348 1039 2387 memoratu,
1075 2333 1291 2390 asserens,
1322 2333 1365 2380 se

85 2403 268 2450 minima
295 2419 487 2467 quaeque
511 2404 877 2467 persecuturum:
909 2405 1029 2469 quafi
1057 2404 1133 2454 vel
1161 2405 1216 2454 de
1248 2404 1365 2451 Tra-
