1714 2807
323 121 414 168 226
553 119 1408 167 FLAVIIVOPISCI

322 225 520 273 seculum
560 224 868 288 promittebat.
908 224 1028 271 nulla
1069 223 1220 271 futura
1260 238 1385 271 erant
1433 222 1569 272 castra
1593 260 1609 282 ‚

324 298 537 362 nusquam
569 300 703 346 lituus
736 299 980 347 audiendus
1001 334 1015 357 ‚
1045 315 1163 345 arma
1194 314 1287 344 non
1321 310 1445 344 erant
1473 297 1618 344 fabri·

321 372 499 422 canda:
534 373 730 434 populus
765 371 844 419 iste
875 371 1159 417 militantium
1180 405 1193 427 ,
1223 369 1301 433 qui
1331 386 1452 417 nunc
1488 369 1614 417 bellis

325 444 540 493 civilibus
563 444 882 506 rempublicam
911 456 1072 498 vexat,
1105 441 1225 504 pacis
1259 441 1407 488 studiis
1440 440 1613 488 incum-

325 521 485 576 beret,
514 518 766 565 erudiretur
799 517 968 564 artibus
990 551 1003 574 ‚
1035 516 1275 577 navigaret.
1317 515 1454 570 adde,
1488 514 1615 578 quod

326 591 474 639 nullus
503 589 788 637 occideretur
814 588 858 634 in
882 588 1019 635 bello,
1044 586 1128 633 Dii
1152 586 1287 643 boni,
1313 586 1421 650 quid
1441 599 1614 633 tantum

323 679 413 712 vos
439 661 628 709 offendit
658 663 867 707 Romana
896 658 1141 720 respublica
1165 692 1179 714 ‚
1212 657 1285 704 cui
1323 657 1452 704 talem
1488 659 1615 704 Prin-

323 735 472 798 cipem
510 733 775 782 sustulistis?
812 735 926 778 Eant
960 748 1107 788 nunc,
1137 730 1211 792 qui
1241 730 1296 777 ad
1322 730 1476 778 civilia
1504 733 1618 779 bella

323 808 490 857 milites
521 819 706 870 parant,
730 806 772 852 in
799 819 1118 869 germanorum
1143 820 1296 850 necem
1320 815 1491 849 arment
1511 804 1617 850 dex-

323 893 438 929 teras
459 880 645 926 fratrum
661 914 674 938 ,
693 879 935 925 hortentur
954 877 996 922 in
1019 890 1192 937 patrum
1215 875 1403 922 vulnera
1425 875 1590 922 liberos
1605 912 1620 934 ,

325 955 375 1003 &
410 953 694 1002 divinitatem
724 953 878 998 Probo
901 951 1144 1013 derogent3
1169 965 1300 1010 quam
1325 949 1622 1009 Imperatores

322 1027 470 1074 nostri
498 1025 738 1088 prudenter
771 1025 819 1071 &
848 1022 1193 1070 consecrandam
1218 1021 1417 1067 vultibus
1435 1055 1449 1077 ,
1468 1022 1518 1068 &
1541 1037 1619 1067 or-

327 1098 521 1145 nandam
554 1096 764 1159 templis,
796 1099 843 1144 &
869 1094 1180 1143 celebrandam
1200 1091 1314 1139 ludis
1342 1092 1623 1141 Circenfibus

327 1166 604 1233 judicarunt.

397 1239 567 1286 XXlV.
596 1236 779 1290 Posteri>
798 1237 932 1284 Probi
956 1272 968 1294 ,
990 1236 1062 1283 vel
1092 1235 1203 1282 odio
1233 1234 1443 1293 invidiae,
1464 1237 1537 1282 vel
1565 1237 1624 1282 ti-

330 1330 460 1362 more
502 1313 753 1358 Romanam
785 1329 875 1358 rem
920 1310 1157 1374 fugerunt:
1188 1311 1236 1357 &
1280 1310 1324 1355 in
1360 1310 1480 1356 ltalia
1507 1310 1628 1358 circa

332 1389 563 1433 Veronam
580 1420 594 1442 ,
615 1401 664 1431 ac
690 1386 913 1430 Benacum
931 1420 942 1440 ‚
960 1386 1009 1431 &
1028 1384 1203 1430 Larium
1220 1419 1233 1441 ‚
1254 1399 1386 1447 atque
1408 1384 1452 1430 in
1473 1384 1539 1430 his
1555 1401 1625 1430 re·

332 1460 547 1526 gionibus
565 1495 576 1516 ‚
610 1459 743 1504 larem
775 1459 1058 1505 locaverunt.
1084 1459 1220 1513 Sane,
1250 1458 1377 1520 quod
1402 1457 1628 1519 praeterire

333 1553 432 1583 non
467 1533 625 1596 potui,
656 1549 756 1580 cum
779 1532 928 1595 imago
950 1531 1085 1577 Probi
1117 1530 1160 1576 in
1193 1530 1444 1576 Veronensi
1468 1531 1525 1576 ita
1547 1530 1629 1576 ful-

335 1607 461 1656 mine
489 1607 572 1652 ieta
602 1605 704 1652 effet
723 1642 736 1662 ‚
756 1618 804 1652 ut
834 1603 928 1664 ejus
961 1615 1175 1667 praetexta
1202 1602 1382 1650 colores
1411 1614 1630 1661 mutaret,

337 1677 597 1740 haruspices
614 1676 953 1741 responderunt,
970 1674 1102 1737 hujus
1120 1675 1299 1724 familiae.
1315 1673 1517 1736 posteros
1534 1689 1630 1721 tan-

338 1765 397 1798 1ae
429 1751 475 1798 in
511 1752 676 1797 Senatu
711 1748 988 1798 claritudinis
1024 1748 1120 1796 fore
1145 1785 1157 1804 ,
1189 1761 1235 1794 ut
1267 1764 1424 1794 ornnes
1454 1747 1633 1795 summis

338 1826 594 1874 honoribus
633 1824 940 1889 fungerentur.
976 1823 1046 1870 sed
1076 1823 1222 1869 adhuc
1257 1823 1479 1869 neminem
1513 1822 1633 1870 vidi-

341 1917 471 1948 mus:
501 1898 666 1962 posteri
701 1912 848 1944 autem
886 1897 1097 1943 videntur
1131 1895 1420 1942 aeternitatem
1458 1894 1634 1942 habere.

338 1975 528 2020 Senatus
574 1985 765 2018 mortem
808 1971 944 2017 Probi
987 1969 1237 2032 graviffime
1268 1967 1472 2030 accepit,
1507 1983 1635 2030 aeque

339 2046 556 2126 populus.
590 2046 642 2091 Et
671 2061 773 2091 cum
805 2045 907 2090 effer
942 2043 1187 2088 nuntiatum
1211 2077 1224 2097 ‚
1249 2042 1415 2087 Carum
1444 2041 1634 2102 impera-

343 2137 392 2166 re
417 2156 429 2176 ‚
471 2120 617 2167 virum
650 2119 820 2165 bonum
855 2117 1069 2180 quidem,
1103 2117 1171 2161 sed
1209 2116 1369 2178 longe
1373 2133 1419 2161 a
1437 2115 1636 2185 moribus

346 2192 517 2246 Probi3
551 2192 680 2248 causa
709 2189 787 2236 filii
817 2188 910 2250 ejus
941 2188 1125 2245 Carini,
1151 2187 1228 2251 qui
1257 2187 1424 2248 lempcr
1459 2187 1638 2249 ptn'ime

352 2264 554 2320 vixerat,
577 2277 663 2309 tam
679 2263 880 2319 Senatus,
901 2260 1258 2322 quampopulus‚
1283 2258 1521 2304 inhorruit
1545 2274 1637 2309 ne-

348 2339 531 2386 tuebant
564 2337 681 2383 enim
720 2335 1024 2399 unusquisque
1072 2334 1308 2380 tristiorem
1347 2332 1598 2393 Principem
1624 2365 1639 2389 ,

353 2411 427 2460 sed
447 2412 581 2474 magis
602 2410 859 2474 improbum
876 2407 1364 2456 metuebantheredem.
1388 2408 1497 2454 Haec
1520 2407 1638 2464 lunt,
