1637 2785
298 145 1176 201 GORDI‘A'N1TRES.
1320 120 1400 214 33

84 277 200 326 pore
231 259 471 308 duodecim
510 256 686 320 populo
718 257 934 304 Romano
973 274 1188 314 munera,
1214 256 1262 304 id
1291 255 1388 316 est,

87 351 169 398 per
197 332 391 398 singulos
419 332 590 380 menses
615 331 782 394 singula
805 331 860 377 de
885 331 967 377 suo
997 332 1200 378 exhibuit
1217 368 1230 390 ‚
1256 332 1315 380 ita
1335 344 1390 380 ut

84 408 388 473 gladiatorum
417 421 749 468 nonnunquam
776 404 1005 467 quingena
1036 406 1160 468 paria
1194 407 1388 454 exhibe-

85 493 183 536 ret,
212 495 440 542 nunquam
471 477 620 524 minus
655 476 859 524 centenis
887 477 1231 541 quinquagenis.
1257 481 1389 527 Feras

85 554 285 616 Libycas
318 568 410 598 una
441 551 514 597 die
553 562 737 600 centum
772 551 1007 607 exhibuit,
1040 552 1167 598 ursos
1197 569 1282 598 una
1315 553 1389 601 die

86 627 226 674 mille.
252 625 402 672 Exstat
425 625 538 672 {ilva
566 625 660 679 eius
688 625 994 672 memorabilis
1012 660 1026 683 ‚
1048 642 1148 688 quae
1181 627 1296 687 nicia
1322 627 1391 675 est

86 699 137 747 in
163 700 306 746 domo
332 698 518 745 rostrata
546 700 632 745 Cn.
659 697 893 760 Pompeii,
913 715 1015 760 quae
1044 698 1209 761 ipfius,
1233 701 1281 747 δι
1308 718 1389 762 pa-

85 772 169 818 tris
198 769 325 832 ejus,
354 772 403 817 &
435 771 597 833 proavi
632 770 744 824 fuit;
773 787 906 834 quam
942 771 1135 833 Philippi
1169 773 1391 836 tempori-

85 844 171 892 bus
200 844 341 890 vester
363 843 500 900 fiscus
533 843 711 889 invasit.
743 844 787 889 in
808 859 896 904 qua
921 843 1091 907 pifiiura
1111 845 1241 891 etiam
1264 862 1389 896 nune

87 916 384 965 continentur
413 917 538 963 cervi
571 916 750 976 palmati
787 916 1002 974 ducenti,
1029 917 1182 965 mixtis
1211 920 1390 967 Britan-

86 989 189 1045 nis,
219 987 327 1051 equi
362 986 444 1033 feri
483 988 694 1051 triginta,
724 1004 839 1035 oves
874 988 981 1035 ferae
1017 1003 1227 1049 centurn,
1268 993 1389 1042 alces

86 1061 271 1114 decem,
307 1059 424 1105 tauri
451 1060 671 1124 Cypriaci
701 1072 906 1119 centum,
949 1060 1220 1110 struthiones
1253 1067 1390 1124 Mau·

86 1134 129 1192 ti
162 1132 333 1179 miniati
373 1134 592 1190 trecenti,
626 1132 784 1195 onagri
821 1134 1030 1195 triginta,
1065 1134 1160 1195 apri
1202 1150 1388 1186 centum

90 1205 413 1269 quinquaginta
431 1241 444 1264 ‚
473 1206 612 1252 ibices
642 1205 849 1263 ducenti,
872 1207 1012 1253 damae
1035 1206 1255 1255 ducentae.
1276 1210 1389 1259 Haec

89 1289 236 1326 autem
270 1279 424 1326 omnia
453 1279 637 1341 populo,
652 1280 862 1342 rapienda
887 1282 1106 1329 conceffit
1133 1283 1202 1330 die
1226 1299 1388 1331 mune-

88 1351 150 1398 ris
165 1387 178 1407 ,
199 1352 324 1413 quod
347 1351 521 1417 sextlum
548 1353 723 1401 edebat.

155 1424 233 1469 IV.
259 1423 502 1471 Praeturam
522 1424 721 1472 nobilem
741 1424 886 1489 gestit:
912 1425 1011 1489 post
1034 1426 1390 1488 jurisdiffionem

89 1498 385 1546 Consulatum
415 1500 612 1563 primum
642 1501 746 1547 iniit
771 1518 873 1548 cum
908 1502 1149 1550 Antonino
1181 1504 1390 1553 Caracal·

90 1573 168 1630 lo,
186 1572 428 1620 secundum
460 1591 563 1620 cum
598 1574 875 1620 Alexandro.
900 1575 1037 1621 Filios
1062 1576 1176 1623 duos
1198 1578 1389 1638 habuit,

91 1662 234 1692 unum
265 1645 578 1703 consularem,
607 1645 685 1709 qui
715 1663 816 1693 cum
845 1646 942 1708 ipso
976 1646 1200 1710 Augustus
1228 1650 1390 1712 appel-

91 1718 207 1764 latus
239 1717 328 1775 est,
367 1718 448 1781 qui
476 1716 601 1779 juxta
634 1718 952 1781 Carthaginem
993 1719 1039 1764 in
1081 1718 1232 1768 Africa
1264 1723 1390 1769 bello

90 1791 317 1838 absumtus
353 1791 439 1836 est:
477 1792 526 1837 &
566 1790 701 1838 filiam
739 1792 924 1839 Metiam
964 1792 1248 1853 Faustinam,
1285 1813 1390 1860 quae

91 1877 233 1927 nupta
251 1863 312 1910 est
338 1864 473 1911 Junio
497 1865 637 1912 Balbo
654 1901 666 1924 ,
683 1866 909 1913 consulari
937 1867 1057 1914 viro,
1087 1871 1135 1913 ln
1164 1865 1389 1918 Consula-

91 1938 211 1985 tibus
242 1937 407 1984 clarior
443 1938 529 1984 fuit
565 1938 629 1985 sui
662 1939 880 2001 temporis
915 1938 1309 2004 Consulibusstta*
1337 1956 1388 1992 ut

77 2003 134 2058 'ei
153 2011 415 2058 Antoninus
436 2010 664 2058 invideret
680 2048 692 2069 ,
713 2012 856 2059 modo
886 2025 1119 2075 praetextas
1141 2012 1261 2075 ejus,
1283 2035 1390 2064 mo-

93 2084 155 2131 do
183 2083 319 2129 latum
356 2084 570 2142 clavum,
605 2085 748 2130 modo
779 2084 1014 2131 Circenses
1044 2085 1157 2132 ultra
1191 2087 1389 2148 impera-

93 2156 264 2205 torium
294 2157 459 2207 mirans
486 2159 692 2205 modum.
721 2159 958 2205 palmatam
984 2159 1181 2224 tunicam
1201 2196 1214 2215 ,
1243 2164 1292 2210 δι
1317 2180 1390 2211 to-

93 2246 193 2295 gam
212 2230 372 2292 piEiam
394 2229 564 2291 primus
577 2231 897 2278 Romanorum
919 2232 1125 2294 privatus
1145 2226 1263 2281 suam
1283 2253 1389 2299 pro-

95 2303 238 2366 priam
266 2304 447 2358 habuit3
479 2320 582 2350 cum
614 2318 716 2350 ante
742 2309 1035 2365 imperatores
1064 2306 1197 2352 etiam
1224 2309 1276 2354 de
1302 2310 1389 2356 Ca-

97 2376 265 2440 pitolio
300 2377 581 2437 acciperent,
607 2377 680 2423 vel
702 2377 756 2423 de
792 2378 982 2426 Palatio.
1021 2380 1174 2441 Equos
1209 2380 1388 2429 Siculos

98 2463 310 2506 centum,
344 2451 640 2515 Cappadoces
673 2463 887 2512 centum,
908 2451 1270 2516 permittentibus
1300 2460 1387 2508 ime

193 2528 366 2590 Scriptc.
400 2527 466 2576 H.
495 2530 558 2575 A.
598 2530 698 2574 Vol.
727 2528 796 2575 II.
1060 2527 1100 2574 C
