1714 2807
350 169 438 205 τωο
464 151 774 206 TREBELLH
797 157 1114 205 POLLIONIS
1133 160 1418 209 GALLIENI
1446 165 1602 214 DUO.

349 266 546 315 Gallieni
577 266 878 327 temporibus,
898 278 1130 314 contemtu
1160 267 1262 314 mali
1282 267 1526 332 Principis,
1554 249 1632 318 'ex-⁸

349 338 569 386 stiterunt.
610 339 685 385 De
722 337 884 400 quibus
933 338 1132 386 breviter
1169 342 1218 388 &
1259 357 1402 402 pauca
1447 339 1631 408 dicenda

351 412 471 457 funt.-
496 413 653 473 Neque
684 411 966 474 ‘enim'digni
1006 411 1105 456 sunt
1127 415 1294 459 'eorum
1327 414 1551 477 plerique,
1582 428 1632 462 ut

351 484 569 532 volumen
600 482 1010 530 taliumhominum
1045 484 1193 531 saltem
1216 486 1477 534 nominibus
1498 491 1633 534 occu&

351 565 544 619 paretur.
584 557 791 617 quamvis
826 573 981 602 eorum
1010 556 1148 619 aliqui
1183 574 1276 604 non
1312 576 1465 620 parum
1506 560 1552 605 in
1591 559 1632 606 se

351 629 532 676 virtutis
564 629 759 676 habuisse
791 631 1023 676 videantur
1043 663 1057 687 ‚
1097 630 1287 677 multum
1317 633 1447 679 etiarn
1482 634 1630 696 reipu-

350 698 480 751 blicae
500 696 724 764 profuiffe.
752 704 866 749 Tam
888 703 1026 749 variae
1058 703 1163 749 item
1187 704 1428 766 opiniones
1456 706 1555 753 sunt
1579 708 1633 754 de

349 776 553 824 Saloni-ni
581 776 790 832 nomine,
820 774 1003 836 ut',¹qui
1028 773 1075 820 'se
1107 774 1254 821 verius
1277 788 1430 837 putant
1458 778 1636 834 dicere,

350 864 376 897 a
407 863 547 896 matre
568 847 639 894 sua
661 844 873 893 Salonina
907 845 1173 908 appellatum
1201 846 1286 894 effe
1305 844 1473 907 dicant,
1498 866 1633 913 quam

349 924 388 971 is
407 922 578 985 perdite
596 920 826 977 dilexerit,
847 920 1046 980 Piparam
1070 920 1281 978 nomine,
1307 920 1534 968 barbaram
1563 938 1634 968 re-

350 996 419 1061 gis
443 993 595 1040 filiam.
624 992 859 1039 Gallienus
890 1009 991 1039 cum
1023 991 1315 1054 suis‘semper
1349 994 1516 1041 flavum
1545 996 1632 1043 cri-

352 1087 456 1118 nem
483 1069 702 1118 condidit.
721 1069 806 1116 ‘De
823 1068 948 1114 annis
979 1081 1123 1114 autem
1149 1068 1340 1116 Gallieni
1366 1071 1415 1117 &
1437 1069 1636 1117 Valeria-

354 1145 428 1202 ni,
456 1144 510 1190 ad
540 1143 779 1206 imperium
801 1141 1134 1204 'pertinentibus
1155 1179 1168 1201 ‚
1205 1139 1316 1189 adeo
1349 1144 1516 1191 incerta
1545 1156 1635 1191 tra-

354 1219 550 1267 duntur,
587 1229 662 1273 ut,
690 1219 790 1263 cum
829 1215 1084 1278 quindecim
1115 1232 1257 1262 annos
1293 1216 1468 1263 eosdem
1494 1216 1635 1280 impe-

354 1293 465 1340 raffe
497 1291 696 1348 constet,
723 1290 771 1336 ‘id
799 1290 883 1348 est,
913 1290 1169 1336 Gallienum
1188 1289 1326 1354 usque
1354 1291 1405 1337 ad
1426 1291 1635 1354 quintum

356 1367 578 1415 decimum
608 1363 884 1428 perveniffe‚
906 1365 1170 1411 Valerianus
1196 1380 1308 1411 vero
1339 1365 1464 1410 sexto
1495 1365 1546 1411 fit
1563 1382 1635 1413 ca·

357 1437 582 1502 ptus;alii
599 1452 765 1484 novem
787 1435 937 1493 annis,
960 1436 1032 1481 alii
1051 1437 1204 1482 decem
1230 1436 1360 1482 etiam
1381 1437 1635 1484 Gallienum
1675 1466 1677 1468 -

358 1512 588 1575 imperasse
602 1511 648 1558 in
669 1510 815 1557 literas
839 1511 1043 1558 mittant:
1065 1528 1169 1558 cum
1192 1511 1388 1566 constet,
1406 1513 1454 1559 ὅ(
1474 1511 1634 1558 decen-

360 1586 476 1633 nalia
501 1587 662 1632 Romae
691 1585 746 1631 ab
767 1585 926 1631 eodem
959 1584 1207 1641 celebrata,
1227 1586 1275 1632 δι
1297 1585 1396 1648 post
1418 1587 1635 1632 decenna-

358 1660 415 1706 lia
446 1659 633 1706 Gothos
660 1657 714 1704 ab
743 1674 799 1704 eo
831 1658 1001 1713 vietos,
1023 1673 1124 1704 cum
1153 1657 1365 1704 Odenato
1387 1673 1540 1719 pacem
1572 1656 1636 1704 fa-

358 1735 505 1792 c'lam,
537 1748 637 1782 cum
665 1731 869 1780 Aureolo
908 1732 1063 1778 initam
1095 1730 1180 1778 effe
1214 1730 1532 1790 concordiam,
1556 1748 1637 1794 pu-

359 1817 543 1868 gnatum
588 1815 749 1852 contra
794 1803 1107 1860 Postumium,
1145 1809 1302 1850 contra
1343 1801 1636 1859 Lollianum;

358 1877 498 1924 multa
521 1876 653 1923 etiam
684 1877 738 1923 ab
763 1891 819 1922 eo
848 1875 989 1939 gesta,
1021 1892 1120 1938 quae
1151 1875 1203 1920 ad
1232 1870 1479 1931 virtutem,
1508 1873 1638 1935 plura

359 1964 508 1999 tamen
526 1987 538 2008 ‚
560 1968 658 2014 qua:
676 1951 730 1997 ad
747 1943 942 1997 'dedecus
961 1947 1254 2010 pertinebant.
1282 1938 1380 1994 nam
1403 1948 1448 1994 &
1468 1945 1638 2009 semper

361 2023 567 2070 noffibus
591 2022 779 2085 popinas
812 2020 970 2068 dicitur
996 2018 1317 2082 frequentasse,
1351 2018 1402 2068 &
1436 2035 1537 2068 cum
1572 2017 1638 2065 le-

361 2097 586 2156 nonibus,
610 2097 781 2159 mimis,
810 2094 1057 2159 {currisque
1082 2092 1256 2143 vixiffe.

840 2235 1014 2251 m
