1637 2785
95 173 401 219 TREBELLH
420 169 736 217 POLLIONIS
754 170 880 217 Dlv.
901 168 1227 216 CLAUDIUS.
1257 185 1344 232 139

66 280 208 336 blica,
229 278 462 341 Scipiones
493 276 626 324 bonis
655 277 704 324 &
731 275 979 334 Camillos,
1011 274 1255 338 omnesque
1288 274 1346 320 il-

66 355 134 400 los
159 367 327 400 veteres
359 351 447 397 sui5
471 349 742 405 virtutibus,
772 348 857 394 suis
887 348 1113 405 consiliis,
1141 348 1213 395 sua
1239 364 1349 412 pro-

66 424 265 484 videntia
288 422 556 470 reddidisset.

129 498 181 542 11.
207 497 350 542 Breve
372 495 487 541 illius
513 494 558 541 in
590 491 782 556 imperio
813 492 896 539 fuit
930 503 1128 556 temp1133
1151 493 1223 540 sed
1253 495 1352 541 bre·

66 586 124 617 ve
153 569 322 625 fuisset,
342 569 507 616 etiamsi
523 604 537 627 ‚
562 582 774 631 quantum
795 566 1032 615 hominum
1063 568 1155 615 vita
1185 568 1353 631 suppe-

66 643 146 700 tit,
170 656 341 690 tantum
366 641 440 688 vir
461 641 561 688 talis
583 642 801 703 imperare
826 639 1057 703 potuisset.
1083 640 1207 699 Quid
1233 641 1351 686 enim

67 715 113 762 in
139 715 220 761 illo
247 732 341 762 non
366 714 601 760 mirabile?
623 714 732 777 quid
768 729 864 759 non
893 710 1218 772 conspicuum?
1244 711 1356 772 quid

67 803 161 832 non
195 787 537 849 triumphalibus
572 785 870 832 vetuffiffimis
903 783 1266 847 praeferendum?
1306 786 1357 829 In

69 876 162 922 quo
188 859 373 922 Trajani
401 859 546 907 virtus
563 895 577 917 ‚
598 859 822 906 Antonini
848 860 1017 922 pietas,
1047 857 1233 921 Augusti
1252 874 1358 904 mo-

70 935 241 982 deratio
255 971 268 994 ,
287 937 336 983 &
356 951 622 998 magnorum
647 932 905 995 Principum
928 933 1048 979 bona
1066 932 1127 980 sic
1146 931 1359 989 fuerunt,

71 1024 119 1057 ut
151 1027 243 1056 non
273 1011 327 1056 ab
352 1010 448 1056 aliis
475 1008 732 1070 exemplum
761 1020 970 1070 caperet,
1000 1007 1071 1054 sed
1098 1006 1267 1053 etiamsi
1292 1005 1361 1052 illi

73 1100 167 1128 non
190 1081 392 1140 fuiffent,
414 1081 490 1129 hic
515 1081 672 1129 ceteris
693 1079 1232 1144 reliquisset‘exemplum.
1251 1078 1363 1124 Do·-

74 1155 244 1202 &iffimi
268 1154 714 1210 mathematicorum,
739 1167 920 1200 centum
946 1154 996 1200 &
1026 1151 1193 1215 viginti
1216 1167 1362 1198 annos

73 1227 249 1275 homini
285 1229 341 1274 ad
378 1226 624 1274 vivendum
654 1226 782 1272 datos
815 1224 1044 1285 judicant,
1077 1240 1223 1288 neque
1263 1240 1364 1274 am-

75 1301 188 1364 plius
212 1301 418 1365 cuiquam
441 1300 640 1361 jaffitant
664 1299 748 1346 effe
781 1300 1036 1347 concessum
1055 1316 1066 1345 ε
1085 1298 1219 1345 etiam
1249 1297 1363 1343 illud

74 1374 311 1432 addenteS,
340 1373 511 1421 Mosem
546 1373 687 1420 solum
706 1407 718 1426 ‚
740 1372 830 1419 Dei
860 1372 944 1437 (ut
973 1372 1231 1419 Judaeorum
1255 1369 1364 1416 libri

73 1446 346 1511 loquuntur)
365 1447 843 1505 familiarem‚centum
869 1445 1033 1509 viginti
1053 1445 1257 1509 quinque
1283 1459 1364 1488 an-

76 1534 161 1565 nos
189 1518 370 1566 vixiffe:
395 1520 473 1582 qui
499 1537 601 1566 cum
626 1532 912 1582 quereretur,
937 1518 1063 1582 quod
1086 1516 1271 1578 juvenis
1294 1515 1363 1559 in-

76 1589 228 1636 teriret
242 1625 257 1646 ,
276 1589 533 1651 responsum
552 1591 593 1636 ei
611 1592 667 1638 ab
685 1590 861 1637 incerto
882 1589 1032 1637 ferunt
1051 1589 1236 1636 numine
1250 1622 1263 1645 ,
1283 1602 1363 1631 ne-

78 1663 243 1710 minem
271 1663 370 1725 plus
399 1664 482 1710 effe
514 1665 751 1713 vi&urum.
789 1665 940 1724 Quare
981 1662 1149 1709 esiamfi
1180 1673 1365 1710 centum

78 1738 128 1784 δέ
152 1735 311 1800 viginti
343 1736 544 1799 quinque
570 1752 714 1783 annos
741 1737 956 1784 Claudius
982 1735 1186 1792 vixiffet,
1212 1733 1364 1783 neces-

79 1810 234 1857 sariam
252 1808 432 1872 quidem
453 1822 644 1856 mortem
663 1810 758 1871 ejus
773 1809 1104 1872 exspefi'candam
1127 1807 1271 1863 fuisse,
1291 1804 1365 1868 (ut

78 1885 257 1932 Tullius
278 1885 330 1931 de
352 1884 564 1946 Scipione
585 1883 787 1946 loquitur
809 1899 894 1944 pro
917 1880 1128 1944 Milone)
1150 1880 1361 1940 stupenda

81 1959 130 2004 &
150 1957 363 2004 mirabilis
382 1958 516 2005 docet
536 1957 642 2004 vita.
660 1956 786 2017 Quid
812 1956 930 2003 enim
956 1971 1166 2019 magnum
1194 1954 1265 2000 vir
1286 1954 1362 1998 ille

81 2031 206 2078 domi
231 2030 430 2094 forisque
455 2047 550 2076 non
578 2029 764 2076 habuit?
797 2028 978 2075 Amavit
1004 2039 1222 2090 parentes.
1253 2025 1362 2089 quid

80 2104 281 2152 mirum?
309 2104 480 2151 amavit
506 2106 556 2151 &
581 2103 749 2151 fratres.
776 2103 862 2164 jam
888 2102 1034 2166 potest
1060 2101 1248 2164 dignum
1277 2099 1362 2146 effe

53 2214 55 2217 .
82 2176 315 2223 miraculo.
338 2177 520 2226 Amavit
549 2176 858 2238 propinquos:
891 2191 960 2221 res
989 2174 1151 2220 nostris
1179 2184 1363 2232 tempo-

80 2250 204 2296 ribus
239 2250 537 2312 comparanda
566 2249 802 2297 miraculo.
835 2247 1001 2296 Invidit
1037 2245 1181 2303 nulli,
1218 2245 1363 2292 malos

83 2323 336 2385 persecutus
362 2323 437 2370 est.
467 2326 598 2370 Fures
627 2322 794 2383 judices
830 2321 976 2385 palam
1011 2330 1252 2382 aperteque
1287 2318 1364 2363 'da-

84 2396 272 2444 mnavit.
287 2396 458 2451 Stultis,
478 2395 597 2457 quasi
611 2395 866 2458 negligeret,
885 2392 1075 2439 indulsit.
1090 2393 1226 2454 Leges
1245 2389 1366 2452 opti-

86 2484 175 2517 mas
204 2468 336 2516 dedit.
361 2467 482 2516 Talis
508 2468 553 2514 in
578 2468 804 2532 republica
844 2466 951 2525 fuit,
978 2479 1029 2513 ut
1066 2463 1159 2527 ejus
1182 2463 1362 2527 stirpem
