1637 2785
318 119 668 165 Avtmus
719 120 1072 168 CAssius,
1274 137 1329 183 91

61 226 124 274 cis
138 263 154 283 ‚
174 226 218 273 in
237 225 396 288 quibus
419 238 719 287 peccaverant
737 262 750 283 ,
778 227 822 272 in
838 244 1022 274 crucem
1043 227 1222 275 sustulit.
1243 228 1340 274 Pri-

60 315 158 345 mus
195 299 325 344 etiam
359 297 403 343 id
433 297 634 359 supplicii
664 315 801 360 genus
840 299 1041 355 invenit,
1072 313 1120 346 ut
1149 300 1340 362 stipitem

61 371 271 434 grandem
302 383 490 431 poneret
521 371 680 434 pedum
715 371 946 434 octoginta
981 374 1029 419 &
1063 386 1270 430 centum,
1295 375 1343 420 id

61 443 146 496 est,
177 442 430 501 materiam,
457 445 506 490 δέ
544 459 569 489 a
610 442 782 490 summo
824 443 960 507 usque
1001 445 1055 491 ad
1096 445 1234 492 imum
1263 449 1342 493 da-

59 528 237 561 mnatos
258 515 436 578 ligaret,
455 516 502 561 &
527 514 582 560 ab
609 514 702 560 imo
725 515 878 562 focum
901 531 1172 580 apponeret,
1189 518 1344 565 incen-

60 587 200 649 sisque
220 586 344 643 aliis,
365 587 476 634 alios
500 586 609 633 furni
630 589 858 646 cruciatu,
882 589 1044 636 timore
1069 589 1200 635 etiam
1231 591 1344 637 alios

60 672 250 706 necaret.
272 660 390 705 Idem
414 659 553 705 denos
577 672 807 707 catenatos
829 660 875 707 in
903 660 1203 723 profluentem
1225 679 1346 708 rner-

59 732 102 795 gi
123 730 323 791 jubebat,
357 732 428 778 vel
462 733 507 779 in
537 749 670 780 mare.
701 734 821 780 Idem
857 735 1006 780 multis
1043 734 1347 781 desertoribus

60 819 216 849 manus
245 801 437 860 excidit,
468 802 562 849 aliis
587 820 713 850 crura
750 804 908 852 incidit
937 822 989 853 ac
1019 805 1242 866 poplites,
1276 805 1345 851 di-

60 893 165 924 cens
181 912 194 934 ,
221 877 361 934 majus
385 882 615 939 exempl-um
644 876 711 942 effe'
744 881 921 924 viventis
947 880 1235 939 miserabiliter
1262 881 1345 925 cri-

62 950 241 1014 minost,
260 969 383 1010 quam
406 951 537 1015 occist.
560 953 676 997 Cum
706 952 950 998 exercitum
974 954 1156 999 duceret
1175 988 1188 1008 ‚
1210 955 1258 999 &
1281 951 1349 998 in·

65 1023 159 1069 scio
185 1021 282 1084 ipso
314 1039 471 1069 manus
501 1023 753 1081 auxiliaria,
783 1024 1125 1071 centurionibus
1158 1024 1240 1071 suis
1266 1041 1349 1071 au-

63 1095 261 1142 &oribus
277 1129 288 1150 ‚
311 1095 394 1140 tria
412 1094 548 1140 millia
563 1096 858 1142 Sarmatarum
875 1133 888 1154 ,
907 1097 1200 1160 negligentius
1217 1115 1350 1161 agen·

62 1168 175 1214 tium
205 1170 250 1214 in
278 1168 481 1214 Danubii
506 1168 644 1230 ripis,
675 1169 959 1226 occidissent,
988 1173 1039 1218 &
1068 1188 1172 1218 cum
1206 1171 1351 1233 praeda

61 1241 230 1304 ingenti
252 1242 306 1288 ad
329 1258 429 1288 eum
456 1241 689 1299 rediffent3
710 1244 983 1306 sperantibus
1011 1244 1351 1291 centurionibus

63 1313 325 1376 praemium,
359 1314 485 1375 quod
514 1330 733 1376 perparva
762 1331 898 1360 manu
929 1327 1099 1362 tantum
1131 1315 1353 1374 hostium,

62 1387 237 1450 segnius
268 1388 501 1451 agentibus
538 1387 728 1434 tribunis
762 1389 810 1435 Sc
855 1387 1196 1451 ignorantibus,
1228 1387 1352 1433 occi-

63 1459 244 1506 dissent:
265 1458 360 1521 rapi
381 1475 460 1506 eos
479 1458 610 1520 juffit,
630 1459 679 1505 &
699 1458 744 1504 in
765 1475 940 1506 crucem
958 1459 1084 1514 tolli,
1112 1458 1352 1520 servii-ique

64 1532 289 1594 supplicio
320 1532 462 1588 affici,
480 1533 607 1595 quod
636 1532 891 1595 exemplum
919 1549 1012 1578 non
1039 1531 1261 1587 exstabat,
1289 1532 1355 1577 di-

65 1623 199 1664 cens,
223 1608 373 1653 evenire
393 1605 589 1670 potuiſje,
617 1624 662 1652 ut
678 1605 797 1670 effent
815 1608 975 1672 infidiae
991 1642 1004 1664 ,
1034 1626 1082 1653 ec
1097 1608 1239 1667 periret
1259 1608 1354 1652 Ro»

69 1683 190 1728 mani
229 1683 388 1742 imperii
422 1685 654 1728 reverentia.
692 1683 740 1729 &
777 1699 877 1728 cum
916 1681 1073 1745 ingens
1113 1681 1272 1727 seditio
1308 1682 1354 1727 in

66 1753 269 1802 exercitu
309 1766 466 1800 exorta
501 1754 629 1810 effet,
664 1755 870 1816 process'it
909 1755 1085 1812 nudus,
1121 1753 1357 1815 campestri

66 1827 167 1874 solo
195 1826 331 1873 tectus
348 1861 362 1884 ,
386 1827 433 1873 δέ
452 1861 464 1881 ,
486 1829 688 1874 Percutite
703 1863 716 1885 ,
735 1827 906 1888 inquit,
925 1847 1013 1885 me,
1037 1828 1079 1890 [ἰ
1101 1831 1286 1882 audetis,
1315 1825 1358 1873 δ’

73 1918 266 1961 corruptae
302 1902 532 1961 disciplima
550 1902 728 1960 facinus
757 1903 912 1947 addice.
948 1902 1110 1957 Tunc,
1142 1899 1360 1962 conquie-

68 1973 291 2021 scentibus
319 1973 516 2031 cunctis,
547 1973 705 2019 meruit
734 1973 903 2031 timeri,
937 1973 1039 2037 quia
1071 1989 1162 2018 non
1194 1971 1359 2018 timuit.

71 2048 192 2107 Quae
217 2062 284 2092 res
312 2058 484 2093 tantum
521 2045 768 2108 disciplinae
795 2045 1011 2092 Romanis
1038 2043 1235 2100 addidit,
1258 2056 1361 2089 tau-

70 2132 166 2168 tum
197 2119 383 2166 terroris
421 2120 625 2166 Barbaris
655 2118 836 2179 injecit,
871 2130 921 2165 ut
953 2134 1104 2180 pacem
1138 2131 1360 2163 annorum

71 2204 255 2241 centum
275 2192 329 2238 ab
350 2192 591 2239 Antonino
612 2192 786 2239 absente
817 2203 1043 2253 peterent:
1060 2189 1271 2252 siquidem
1292 2187 1361 2234 vi-

73 2265 260 2319 derant,
282 2264 510 2313 damnatos
532 2264 729 2315 Romani
759 2264 883 2313 ducis
900 2263 1072 2325 judicio
1098 2261 1229 2309 etiam
1251 2277 1328 2310 eos
1345 2293 1364 2318 ,

71 2337 151 2401 qui
173 2349 331 2384 contra
351 2335 415 2383 fas
434 2337 650 2385 vicerant.

141 2412 201 2460 V,
224 2411 300 2458 De
327 2410 418 2458 hoc
451 2410 593 2458 muita
620 2409 778 2474 gravia
806 2421 966 2459 contra
999 2405 1192 2455 militum
1221 2405 1363 2455 licen-
