<?xml version="1.0" encoding="UTF-8"?>
<!DOCTYPE html PUBLIC "-//W3C//DTD XHTML 1.0 Transitional//EN"
    "http://www.w3.org/TR/xhtml1/DTD/xhtml1-transitional.dtd">
<html xmlns="http://www.w3.org/1999/xhtml" xml:lang="en" lang="en">
 <head>
  <title>
</title>
<meta http-equiv="Content-Type" content="text/html;charset=utf-8" />
  <meta name='ocr-system' content='tesseract 3.04.00' />
  <meta name='ocr-capabilities' content='ocr_page ocr_carea ocr_par ocr_line ocrx_word'/>
</head>
<body>
  <div class='ocr_page' id='page_1' title='image "./historiaeaugusta00bipouoft_0326.png"; bbox 0 0 1714 2807; ppageno 0'>
   <div class='ocr_carea' id='block_1_1' title="bbox 289 120 1369 181">
    <p class='ocr_par' dir='ltr' id='par_1_1' title="bbox 289 120 1369 181">
     <span class='ocr_line' id='line_1_1' title="bbox 289 120 1369 181; baseline 0.001 -12"><span class='ocrx_word' id='word_1_1' title='bbox 289 122 376 181; x_wconf 75' lang='lat'>248</span> <span class='ocrx_word' id='word_1_2' title='bbox 504 121 731 167; x_wconf 80' lang='lat' dir='ltr'>AEL11</span> <span class='ocrx_word' id='word_1_3' title='bbox 797 120 1369 170; x_wconf 84' lang='lat' dir='ltr'>LAMPRlD&#39;ll</span> 
     </span>
    </p>
   </div>
   <div class='ocr_carea' id='block_1_2' title="bbox 283 227 1579 1895">
    <p class='ocr_par' dir='ltr' id='par_1_2' title="bbox 283 227 1579 1895">
     <span class='ocr_line' id='line_1_2' title="bbox 285 227 1565 293; baseline 0.003 -18"><span class='ocrx_word' id='word_1_4' title='bbox 285 241 431 275; x_wconf 88' lang='lat' dir='ltr'>matos</span> <span class='ocrx_word' id='word_1_5' title='bbox 461 227 750 284; x_wconf 85' lang='lat' dir='ltr'>immittebat,</span> <span class='ocrx_word' id='word_1_6' title='bbox 782 227 842 276; x_wconf 86' lang='lat' dir='ltr'>ita</span> <span class='ocrx_word' id='word_1_7' title='bbox 874 239 922 276; x_wconf 87' lang='lat' dir='ltr'>ut</span> <span class='ocrx_word' id='word_1_8' title='bbox 954 230 1246 293; x_wconf 72' lang='lat' dir='ltr'>expergefaffl</span> <span class='ocrx_word' id='word_1_9' title='bbox 1274 231 1319 278; x_wconf 91' lang='lat' dir='ltr'>in</span> <span class='ocrx_word' id='word_1_10' title='bbox 1353 230 1565 280; x_wconf 91' lang='lat' dir='ltr'>cubiculo</span> 
     </span>
     <span class='ocr_line' id='line_1_3' title="bbox 283 299 1566 367; baseline 0.004 -21"><span class='ocrx_word' id='word_1_11' title='bbox 283 299 444 346; x_wconf 89' lang='lat' dir='ltr'>eodem</span> <span class='ocrx_word' id='word_1_12' title='bbox 459 334 472 355; x_wconf 92' lang='lat'>‚</span> <span class='ocrx_word' id='word_1_13' title='bbox 490 299 669 356; x_wconf 89' lang='lat' dir='ltr'>leones,</span> <span class='ocrx_word' id='word_1_14' title='bbox 689 299 841 357; x_wconf 86' lang='lat' dir='ltr'>ursos,</span> <span class='ocrx_word' id='word_1_15' title='bbox 859 302 1046 362; x_wconf 88' lang='lat' dir='ltr'>pardos,</span> <span class='ocrx_word' id='word_1_16' title='bbox 1066 319 1166 349; x_wconf 88' lang='lat' dir='ltr'>cum</span> <span class='ocrx_word' id='word_1_17' title='bbox 1194 302 1293 350; x_wconf 90' lang='lat' dir='ltr'>luce</span> <span class='ocrx_word' id='word_1_18' title='bbox 1307 337 1321 361; x_wconf 93' lang='lat'>,</span> <span class='ocrx_word' id='word_1_19' title='bbox 1341 304 1415 351; x_wconf 90' lang='lat' dir='ltr'>vel</span> <span class='ocrx_word' id='word_1_20' title='bbox 1441 304 1566 367; x_wconf 91' lang='lat' dir='ltr'>quod</span> 
     </span>
     <span class='ocr_line' id='line_1_4' title="bbox 284 370 1570 439; baseline 0.003 -21"><span class='ocrx_word' id='word_1_21' title='bbox 284 370 346 418; x_wconf 90' lang='lat' dir='ltr'>est</span> <span class='ocrx_word' id='word_1_22' title='bbox 367 371 575 434; x_wconf 84' lang='lat' dir='ltr'>gravius,</span> <span class='ocrx_word' id='word_1_23' title='bbox 603 371 735 418; x_wconf 57' lang='lat' dir='ltr'>noete</span> <span class='ocrx_word' id='word_1_24' title='bbox 752 372 1034 431; x_wconf 84' lang='lat' dir='ltr'>invenirent,</span> <span class='ocrx_word' id='word_1_25' title='bbox 1052 390 1107 420; x_wconf 86' lang='lat' dir='ltr'>ex</span> <span class='ocrx_word' id='word_1_26' title='bbox 1130 391 1222 437; x_wconf 92' lang='lat' dir='ltr'>quo</span> <span class='ocrx_word' id='word_1_27' title='bbox 1240 375 1443 439; x_wconf 84' lang='lat' dir='ltr'>plerique</span> <span class='ocrx_word' id='word_1_28' title='bbox 1464 391 1570 424; x_wconf 85' lang='lat' dir='ltr'>exa·</span> 
     </span>
     <span class='ocr_line' id='line_1_5' title="bbox 287 442 1570 509; baseline 0.006 -21"><span class='ocrx_word' id='word_1_29' title='bbox 287 442 443 489; x_wconf 84' lang='lat' dir='ltr'>nimati</span> <span class='ocrx_word' id='word_1_30' title='bbox 466 442 576 491; x_wconf 90' lang='lat' dir='ltr'>sunt.</span> <span class='ocrx_word' id='word_1_31' title='bbox 600 444 757 492; x_wconf 88' lang='lat' dir='ltr'>Multis</span> <span class='ocrx_word' id='word_1_32' title='bbox 781 445 1019 492; x_wconf 87' lang='lat' dir='ltr'>vilioribus</span> <span class='ocrx_word' id='word_1_33' title='bbox 1050 446 1202 494; x_wconf 90' lang='lat' dir='ltr'>amicis</span> <span class='ocrx_word' id='word_1_34' title='bbox 1228 446 1356 494; x_wconf 88' lang='lat' dir='ltr'>folles</span> <span class='ocrx_word' id='word_1_35' title='bbox 1385 463 1470 509; x_wconf 88' lang='lat' dir='ltr'>pro</span> <span class='ocrx_word' id='word_1_36' title='bbox 1498 464 1570 496; x_wconf 83' lang='lat' dir='ltr'>ac·</span> 
     </span>
     <span class='ocr_line' id='line_1_6' title="bbox 285 514 1570 582; baseline 0.004 -20"><span class='ocrx_word' id='word_1_37' title='bbox 285 514 448 563; x_wconf 89' lang='lat' dir='ltr'>cubitis</span> <span class='ocrx_word' id='word_1_38' title='bbox 480 516 725 574; x_wconf 88' lang='lat' dir='ltr'>sternebat,</span> <span class='ocrx_word' id='word_1_39' title='bbox 753 517 917 581; x_wconf 88' lang='lat' dir='ltr'>eosque</span> <span class='ocrx_word' id='word_1_40' title='bbox 955 518 1134 566; x_wconf 82' lang='lat' dir='ltr'>reflabat</span> <span class='ocrx_word' id='word_1_41' title='bbox 1167 521 1483 582; x_wconf 81' lang='lat' dir='ltr'>prandentibus</span> <span class='ocrx_word' id='word_1_42' title='bbox 1518 521 1570 567; x_wconf 90' lang='lat' dir='ltr'>il-</span> 
     </span>
     <span class='ocr_line' id='line_1_7' title="bbox 286 588 1571 655; baseline 0.006 -22"><span class='ocrx_word' id='word_1_43' title='bbox 286 588 368 645; x_wconf 91' lang='lat' dir='ltr'>lis,</span> <span class='ocrx_word' id='word_1_44' title='bbox 389 589 450 636; x_wconf 89' lang='lat' dir='ltr'>ita</span> <span class='ocrx_word' id='word_1_45' title='bbox 476 602 524 636; x_wconf 86' lang='lat' dir='ltr'>ut</span> <span class='ocrx_word' id='word_1_46' title='bbox 554 591 819 655; x_wconf 88' lang='lat' dir='ltr'>plerumque</span> <span class='ocrx_word' id='word_1_47' title='bbox 846 591 994 638; x_wconf 91' lang='lat' dir='ltr'>subito</span> <span class='ocrx_word' id='word_1_48' title='bbox 1021 593 1098 638; x_wconf 89' lang='lat' dir='ltr'>sub</span> <span class='ocrx_word' id='word_1_49' title='bbox 1129 593 1571 649; x_wconf 81' lang='lat' dir='ltr'>mensisinveniren-</span> 
     </span>
     <span class='ocr_line' id='line_1_8' title="bbox 285 663 1571 730; baseline 0.005 -23"><span class='ocrx_word' id='word_1_50' title='bbox 285 674 359 708; x_wconf 88' lang='lat' dir='ltr'>tur</span> <span class='ocrx_word' id='word_1_51' title='bbox 393 663 670 725; x_wconf 82' lang='lat' dir='ltr'>prandentes.</span> <span class='ocrx_word' id='word_1_52' title='bbox 708 664 881 711; x_wconf 87' lang='lat' dir='ltr'>Primus</span> <span class='ocrx_word' id='word_1_53' title='bbox 911 665 1105 728; x_wconf 89' lang='lat' dir='ltr'>denique</span> <span class='ocrx_word' id='word_1_54' title='bbox 1143 665 1319 714; x_wconf 89' lang='lat' dir='ltr'>invenit</span> <span class='ocrx_word' id='word_1_55' title='bbox 1357 666 1489 730; x_wconf 70' lang='lat' dir='ltr'>sigma</span> <span class='ocrx_word' id='word_1_56' title='bbox 1523 667 1571 714; x_wconf 93' lang='lat' dir='ltr'>in</span> 
     </span>
     <span class='ocr_line' id='line_1_9' title="bbox 287 736 1573 801; baseline 0.004 -19"><span class='ocrx_word' id='word_1_57' title='bbox 287 747 403 782; x_wconf 88' lang='lat' dir='ltr'>terra</span> <span class='ocrx_word' id='word_1_58' title='bbox 433 736 650 793; x_wconf 88' lang='lat' dir='ltr'>sternere,</span> <span class='ocrx_word' id='word_1_59' title='bbox 678 753 773 783; x_wconf 92' lang='lat' dir='ltr'>non</span> <span class='ocrx_word' id='word_1_60' title='bbox 798 737 842 783; x_wconf 93' lang='lat' dir='ltr'>in</span> <span class='ocrx_word' id='word_1_61' title='bbox 876 737 1073 796; x_wconf 67' lang='lat' dir='ltr'>leflulis,</span> <span class='ocrx_word' id='word_1_62' title='bbox 1104 751 1153 784; x_wconf 89' lang='lat' dir='ltr'>ut</span> <span class='ocrx_word' id='word_1_63' title='bbox 1184 756 1209 785; x_wconf 88' lang='lat' dir='ltr'>a</span> <span class='ocrx_word' id='word_1_64' title='bbox 1237 738 1422 801; x_wconf 86' lang='lat' dir='ltr'>pedibus</span> <span class='ocrx_word' id='word_1_65' title='bbox 1455 751 1573 787; x_wconf 88' lang='lat' dir='ltr'>utres</span> 
     </span>
     <span class='ocr_line' id='line_1_10' title="bbox 290 809 1574 872; baseline 0.004 -19"><span class='ocrx_word' id='word_1_66' title='bbox 290 825 369 868; x_wconf 85' lang='lat' dir='ltr'>per</span> <span class='ocrx_word' id='word_1_67' title='bbox 391 826 555 870; x_wconf 86' lang='lat' dir='ltr'>pueros</span> <span class='ocrx_word' id='word_1_68' title='bbox 576 810 631 854; x_wconf 89' lang='lat' dir='ltr'>ad</span> <span class='ocrx_word' id='word_1_69' title='bbox 662 809 905 856; x_wconf 85' lang='lat' dir='ltr'>reflandum</span> <span class='ocrx_word' id='word_1_70' title='bbox 932 810 1134 872; x_wconf 89' lang='lat' dir='ltr'>spiritum</span> <span class='ocrx_word' id='word_1_71' title='bbox 1159 810 1455 860; x_wconf 86' lang='lat' dir='ltr'>solverentur.</span> <span class='ocrx_word' id='word_1_72' title='bbox 1483 812 1574 859; x_wconf 87' lang='lat' dir='ltr'>Mi-</span> 
     </span>
     <span class='ocr_line' id='line_1_11' title="bbox 288 883 1575 948; baseline 0.005 -21"><span class='ocrx_word' id='word_1_73' title='bbox 288 883 416 928; x_wconf 85' lang='lat' dir='ltr'>micis</span> <span class='ocrx_word' id='word_1_74' title='bbox 451 883 661 930; x_wconf 85' lang='lat' dir='ltr'>adulteris</span> <span class='ocrx_word' id='word_1_75' title='bbox 693 900 772 940; x_wconf 88' lang='lat' dir='ltr'>ea,</span> <span class='ocrx_word' id='word_1_76' title='bbox 804 901 906 948; x_wconf 84' lang='lat' dir='ltr'>quae</span> <span class='ocrx_word' id='word_1_77' title='bbox 942 884 1089 931; x_wconf 89' lang='lat' dir='ltr'>solent</span> <span class='ocrx_word' id='word_1_78' title='bbox 1122 884 1326 932; x_wconf 82' lang='lat' dir='ltr'>simulato</span> <span class='ocrx_word' id='word_1_79' title='bbox 1357 885 1479 945; x_wconf 86' lang='lat' dir='ltr'>fieri,</span> <span class='ocrx_word' id='word_1_80' title='bbox 1510 887 1575 934; x_wconf 87' lang='lat' dir='ltr'>ef-</span> 
     </span>
     <span class='ocr_line' id='line_1_12' title="bbox 289 953 1574 1017; baseline 0.003 -17"><span class='ocrx_word' id='word_1_81' title='bbox 289 953 363 1001; x_wconf 86' lang='lat' dir='ltr'>fici</span> <span class='ocrx_word' id='word_1_82' title='bbox 397 956 452 1001; x_wconf 80' lang='lat' dir='ltr'>ad</span> <span class='ocrx_word' id='word_1_83' title='bbox 480 972 639 1002; x_wconf 89' lang='lat' dir='ltr'>verum</span> <span class='ocrx_word' id='word_1_84' title='bbox 669 955 801 1017; x_wconf 86' lang='lat' dir='ltr'>juffit.</span> <span class='ocrx_word' id='word_1_85' title='bbox 835 957 1096 1005; x_wconf 86' lang='lat' dir='ltr'>Meretrices</span> <span class='ocrx_word' id='word_1_86' title='bbox 1129 975 1152 1006; x_wconf 87' lang='lat' dir='ltr'>a</span> <span class='ocrx_word' id='word_1_87' title='bbox 1183 957 1425 1006; x_wconf 85' lang='lat' dir='ltr'>lenonibus</span> <span class='ocrx_word' id='word_1_88' title='bbox 1461 976 1574 1006; x_wconf 90' lang='lat' dir='ltr'>cun-</span> 
     </span>
     <span class='ocr_line' id='line_1_13' title="bbox 290 1027 1574 1092; baseline 0.003 -17"><span class='ocrx_word' id='word_1_89' title='bbox 290 1027 367 1075; x_wconf 67' lang='lat' dir='ltr'>ais</span> <span class='ocrx_word' id='word_1_90' title='bbox 399 1028 586 1075; x_wconf 88' lang='lat' dir='ltr'>redemit</span> <span class='ocrx_word' id='word_1_91' title='bbox 608 1028 744 1092; x_wconf 87' lang='lat' dir='ltr'>saepe,</span> <span class='ocrx_word' id='word_1_92' title='bbox 770 1030 821 1078; x_wconf 88' lang='lat'><strong>&amp;</strong></span> <span class='ocrx_word' id='word_1_93' title='bbox 851 1030 1117 1078; x_wconf 79' lang='lat' dir='ltr'>manumisit.</span> <span class='ocrx_word' id='word_1_94' title='bbox 1136 1031 1283 1079; x_wconf 89' lang='lat' dir='ltr'>Cum</span> <span class='ocrx_word' id='word_1_95' title='bbox 1273 1044 1389 1078; x_wconf 89' lang='lat' dir='ltr'>mter</span> <span class='ocrx_word' id='word_1_96' title='bbox 1409 1031 1574 1079; x_wconf 86' lang='lat' dir='ltr'>fabulas</span> 
     </span>
     <span class='ocr_line' id='line_1_14' title="bbox 289 1101 1576 1167; baseline 0.006 -23"><span class='ocrx_word' id='word_1_97' title='bbox 289 1101 485 1161; x_wconf 86' lang='lat' dir='ltr'>privatas</span> <span class='ocrx_word' id='word_1_98' title='bbox 522 1101 668 1148; x_wconf 89' lang='lat' dir='ltr'>sermo</span> <span class='ocrx_word' id='word_1_99' title='bbox 687 1102 792 1151; x_wconf 83' lang='lat' dir='ltr'>effet</span> <span class='ocrx_word' id='word_1_100' title='bbox 814 1119 941 1150; x_wconf 86' lang='lat' dir='ltr'>ortus</span> <span class='ocrx_word' id='word_1_101' title='bbox 956 1140 969 1162; x_wconf 94' lang='lat'>,</span> <span class='ocrx_word' id='word_1_102' title='bbox 994 1104 1147 1166; x_wconf 83' lang='lat' dir='ltr'>quanti</span> <span class='ocrx_word' id='word_1_103' title='bbox 1166 1104 1357 1151; x_wconf 76' lang='lat' dir='ltr'>herniosi</span> <span class='ocrx_word' id='word_1_104' title='bbox 1376 1106 1459 1152; x_wconf 83' lang='lat' dir='ltr'>effe</span> <span class='ocrx_word' id='word_1_105' title='bbox 1477 1106 1576 1167; x_wconf 89' lang='lat' dir='ltr'>pos-</span> 
     </span>
     <span class='ocr_line' id='line_1_15' title="bbox 290 1172 1575 1239; baseline 0.004 -21"><span class='ocrx_word' id='word_1_106' title='bbox 290 1172 383 1219; x_wconf 88' lang='lat' dir='ltr'>sent</span> <span class='ocrx_word' id='word_1_107' title='bbox 416 1175 462 1220; x_wconf 89' lang='lat' dir='ltr'>in</span> <span class='ocrx_word' id='word_1_108' title='bbox 488 1175 612 1222; x_wconf 90' lang='lat' dir='ltr'>Urbe</span> <span class='ocrx_word' id='word_1_109' title='bbox 642 1176 817 1232; x_wconf 85' lang='lat' dir='ltr'>Roma,</span> <span class='ocrx_word' id='word_1_110' title='bbox 851 1174 970 1235; x_wconf 84' lang='lat' dir='ltr'>juffit</span> <span class='ocrx_word' id='word_1_111' title='bbox 1001 1192 1160 1223; x_wconf 90' lang='lat' dir='ltr'>omnes</span> <span class='ocrx_word' id='word_1_112' title='bbox 1195 1177 1376 1233; x_wconf 88' lang='lat' dir='ltr'>notari,</span> <span class='ocrx_word' id='word_1_113' title='bbox 1411 1176 1575 1239; x_wconf 88' lang='lat' dir='ltr'>eosque</span> 
     </span>
     <span class='ocr_line' id='line_1_16' title="bbox 291 1246 1574 1308; baseline 0.004 -16"><span class='ocrx_word' id='word_1_114' title='bbox 291 1246 346 1292; x_wconf 88' lang='lat' dir='ltr'>ad</span> <span class='ocrx_word' id='word_1_115' title='bbox 366 1248 544 1294; x_wconf 87' lang='lat' dir='ltr'>balneas</span> <span class='ocrx_word' id='word_1_116' title='bbox 568 1248 658 1295; x_wconf 85' lang='lat' dir='ltr'>suas</span> <span class='ocrx_word' id='word_1_117' title='bbox 674 1248 911 1306; x_wconf 86' lang='lat' dir='ltr'>exhibere,</span> <span class='ocrx_word' id='word_1_118' title='bbox 931 1251 980 1298; x_wconf 88' lang='lat'>&amp;</span> <span class='ocrx_word' id='word_1_119' title='bbox 1005 1267 1105 1297; x_wconf 88' lang='lat' dir='ltr'>cum</span> <span class='ocrx_word' id='word_1_120' title='bbox 1130 1249 1281 1296; x_wconf 90' lang='lat' dir='ltr'>iisdem</span> <span class='ocrx_word' id='word_1_121' title='bbox 1303 1250 1438 1308; x_wconf 88' lang='lat' dir='ltr'>lavit,</span> <span class='ocrx_word' id='word_1_122' title='bbox 1460 1267 1574 1297; x_wconf 86' lang='lat' dir='ltr'>non-</span> 
     </span>
     <span class='ocr_line' id='line_1_17' title="bbox 291 1319 1575 1370; baseline 0.004 -6"><span class='ocrx_word' id='word_1_123' title='bbox 291 1319 425 1366; x_wconf 89' lang='lat' dir='ltr'>nullis</span> <span class='ocrx_word' id='word_1_124' title='bbox 456 1320 586 1367; x_wconf 85' lang='lat' dir='ltr'>etiam</span> <span class='ocrx_word' id='word_1_125' title='bbox 622 1321 832 1369; x_wconf 88' lang='lat' dir='ltr'>honestis.</span> <span class='ocrx_word' id='word_1_126' title='bbox 861 1322 1147 1370; x_wconf 86' lang='lat' dir='ltr'>Gladiatores</span> <span class='ocrx_word' id='word_1_127' title='bbox 1173 1335 1275 1369; x_wconf 88' lang='lat' dir='ltr'>ante</span> <span class='ocrx_word' id='word_1_128' title='bbox 1303 1323 1575 1370; x_wconf 89' lang='lat' dir='ltr'>convivium</span> 
     </span>
     <span class='ocr_line' id='line_1_18' title="bbox 292 1394 1576 1458; baseline 0.002 -21"><span class='ocrx_word' id='word_1_129' title='bbox 292 1407 539 1455; x_wconf 83' lang='lat' dir='ltr'>pugnantes</span> <span class='ocrx_word' id='word_1_130' title='bbox 564 1396 612 1442; x_wconf 87' lang='lat'>&amp;</span> <span class='ocrx_word' id='word_1_131' title='bbox 638 1395 794 1458; x_wconf 61' lang='lat' dir='ltr'>pyRas</span> <span class='ocrx_word' id='word_1_132' title='bbox 819 1394 898 1441; x_wconf 87' lang='lat' dir='ltr'>fibi</span> <span class='ocrx_word' id='word_1_133' title='bbox 928 1394 1185 1457; x_wconf 89' lang='lat' dir='ltr'>frequenter</span> <span class='ocrx_word' id='word_1_134' title='bbox 1212 1394 1430 1441; x_wconf 82' lang='lat' dir='ltr'>exhibuit.</span> <span class='ocrx_word' id='word_1_135' title='bbox 1460 1395 1576 1440; x_wconf 88' lang='lat' dir='ltr'>Stra-</span> 
     </span>
     <span class='ocr_line' id='line_1_19' title="bbox 293 1466 1576 1529; baseline 0.002 -19"><span class='ocrx_word' id='word_1_136' title='bbox 293 1466 360 1511; x_wconf 90' lang='lat' dir='ltr'>vit</span> <span class='ocrx_word' id='word_1_137' title='bbox 386 1466 464 1512; x_wconf 82' lang='lat' dir='ltr'>fibi</span> <span class='ocrx_word' id='word_1_138' title='bbox 493 1466 741 1514; x_wconf 88' lang='lat' dir='ltr'>triclinium</span> <span class='ocrx_word' id='word_1_139' title='bbox 768 1469 812 1514; x_wconf 91' lang='lat' dir='ltr'>in</span> <span class='ocrx_word' id='word_1_140' title='bbox 840 1467 1017 1514; x_wconf 75' lang='lat' dir='ltr'>su&#39;mmo</span> <span class='ocrx_word' id='word_1_141' title='bbox 1038 1466 1224 1513; x_wconf 88' lang='lat' dir='ltr'>lusorio.</span> <span class='ocrx_word' id='word_1_142' title='bbox 1246 1468 1300 1512; x_wconf 85' lang='lat' dir='ltr'>Et</span> <span class='ocrx_word' id='word_1_143' title='bbox 1321 1468 1423 1513; x_wconf 89' lang='lat' dir='ltr'>dum</span> <span class='ocrx_word' id='word_1_144' title='bbox 1446 1485 1576 1529; x_wconf 84' lang='lat' dir='ltr'>pran-</span> 
     </span>
     <span class='ocr_line' id='line_1_20' title="bbox 293 1539 1575 1596; baseline 0.002 -12"><span class='ocrx_word' id='word_1_145' title='bbox 293 1539 445 1596; x_wconf 89' lang='lat' dir='ltr'>deret,</span> <span class='ocrx_word' id='word_1_146' title='bbox 464 1539 631 1587; x_wconf 87' lang='lat' dir='ltr'>noxios</span> <span class='ocrx_word' id='word_1_147' title='bbox 645 1543 693 1588; x_wconf 86' lang='lat'><strong>&amp;</strong></span> <span class='ocrx_word' id='word_1_148' title='bbox 710 1540 978 1588; x_wconf 75' lang='lat' dir='ltr'>venationes</span> <span class='ocrx_word' id='word_1_149' title='bbox 991 1540 1070 1587; x_wconf 82' lang='lat' dir='ltr'>sibi</span> <span class='ocrx_word' id='word_1_150' title='bbox 1085 1541 1300 1587; x_wconf 82' lang='lat' dir='ltr'>exhibuit.</span> <span class='ocrx_word' id='word_1_151' title='bbox 1315 1542 1508 1587; x_wconf 77' lang='lat' dir='ltr'>parasitis</span> <span class='ocrx_word' id='word_1_152' title='bbox 1529 1542 1575 1587; x_wconf 83' lang='lat' dir='ltr'>in</span> 
     </span>
     <span class='ocr_line' id='line_1_21' title="bbox 292 1612 1578 1676; baseline 0.002 -18"><span class='ocrx_word' id='word_1_153' title='bbox 292 1612 483 1659; x_wconf 87' lang='lat' dir='ltr'>secunda</span> <span class='ocrx_word' id='word_1_154' title='bbox 502 1613 648 1660; x_wconf 82' lang='lat' dir='ltr'>mensa</span> <span class='ocrx_word' id='word_1_155' title='bbox 671 1613 783 1676; x_wconf 83' lang='lat' dir='ltr'>saepe</span> <span class='ocrx_word' id='word_1_156' title='bbox 808 1630 980 1662; x_wconf 83' lang='lat' dir='ltr'>ceream</span> <span class='ocrx_word' id='word_1_157' title='bbox 1006 1631 1210 1671; x_wconf 81' lang='lat' dir='ltr'>coenam,</span> <span class='ocrx_word' id='word_1_158' title='bbox 1231 1613 1343 1676; x_wconf 83' lang='lat' dir='ltr'>saepe</span> <span class='ocrx_word' id='word_1_159' title='bbox 1359 1614 1548 1676; x_wconf 79' lang='lat' dir='ltr'>ligneam</span> <span class='ocrx_word' id='word_1_160' title='bbox 1565 1651 1578 1671; x_wconf 89' lang='lat'><strong><em>‚</em></strong></span> 
     </span>
     <span class='ocr_line' id='line_1_22' title="bbox 292 1685 1577 1752; baseline 0.002 -21"><span class='ocrx_word' id='word_1_161' title='bbox 292 1685 403 1747; x_wconf 76' lang='lat' dir='ltr'>saepe</span> <span class='ocrx_word' id='word_1_162' title='bbox 416 1687 654 1735; x_wconf 87' lang='lat' dir='ltr'>eburneam</span> <span class='ocrx_word' id='word_1_163' title='bbox 666 1724 681 1748; x_wconf 89' lang='lat'><strong>,</strong></span> <span class='ocrx_word' id='word_1_164' title='bbox 693 1688 937 1752; x_wconf 87' lang='lat' dir='ltr'>aliquando</span> <span class='ocrx_word' id='word_1_165' title='bbox 952 1688 1148 1747; x_wconf 71' lang='lat' dir='ltr'>fiffilem,</span> <span class='ocrx_word' id='word_1_166' title='bbox 1161 1704 1488 1752; x_wconf 84' lang='lat' dir='ltr'>nonnunquam</span> <span class='ocrx_word' id='word_1_167' title='bbox 1504 1690 1577 1734; x_wconf 79' lang='lat' dir='ltr'>vel</span> 
     </span>
     <span class='ocr_line' id='line_1_23' title="bbox 293 1760 1578 1824; baseline 0.002 -22"><span class='ocrx_word' id='word_1_168' title='bbox 293 1775 620 1818; x_wconf 82' lang='lat' dir='ltr'>marmoream,</span> <span class='ocrx_word' id='word_1_169' title='bbox 645 1761 721 1808; x_wconf 90' lang='lat' dir='ltr'>vel</span> <span class='ocrx_word' id='word_1_170' title='bbox 752 1761 971 1824; x_wconf 88' lang='lat' dir='ltr'>lapideam</span> <span class='ocrx_word' id='word_1_171' title='bbox 1001 1760 1228 1808; x_wconf 83' lang='lat' dir='ltr'>exhibuit:</span> <span class='ocrx_word' id='word_1_172' title='bbox 1263 1761 1325 1808; x_wconf 86' lang='lat' dir='ltr'>ita</span> <span class='ocrx_word' id='word_1_173' title='bbox 1357 1772 1406 1806; x_wconf 91' lang='lat' dir='ltr'>ut</span> <span class='ocrx_word' id='word_1_174' title='bbox 1428 1761 1578 1806; x_wconf 82' lang='lat' dir='ltr'>omnia</span> 
     </span>
     <span class='ocr_line' id='line_1_24' title="bbox 294 1830 1579 1895; baseline 0.002 -20"><span class='ocrx_word' id='word_1_175' title='bbox 294 1830 380 1876; x_wconf 69' lang='lat' dir='ltr'>illis</span> <span class='ocrx_word' id='word_1_176' title='bbox 401 1831 717 1880; x_wconf 79' lang='lat' dir='ltr'>exhiberentur</span> <span class='ocrx_word' id='word_1_177' title='bbox 749 1834 942 1881; x_wconf 87' lang='lat' dir='ltr'>videnda</span> <span class='ocrx_word' id='word_1_178' title='bbox 963 1835 1017 1880; x_wconf 91' lang='lat' dir='ltr'>de</span> <span class='ocrx_word' id='word_1_179' title='bbox 1051 1833 1225 1881; x_wconf 84' lang='lat' dir='ltr'>diversa</span> <span class='ocrx_word' id='word_1_180' title='bbox 1252 1832 1456 1886; x_wconf 75' lang='lat' dir='ltr'>materia,</span> <span class='ocrx_word' id='word_1_181' title='bbox 1478 1850 1579 1895; x_wconf 81' lang='lat' dir='ltr'>quae</span> 
     </span>
    </p>
   </div>
   <div class='ocr_carea' id='block_1_3' title="bbox 297 1902 1578 2040">
    <p class='ocr_par' dir='ltr' id='par_1_3' title="bbox 297 1902 1578 2040">
     <span class='ocr_line' id='line_1_25' title="bbox 297 1902 1578 1968; baseline 0.003 -22"><span class='ocrx_word' id='word_1_182' title='bbox 297 1902 385 1963; x_wconf 72' lang='lat' dir='ltr'>ipse</span> <span class='ocrx_word' id='word_1_183' title='bbox 405 1904 642 1963; x_wconf 82' lang='lat' dir='ltr'>coenabat,</span> <span class='ocrx_word' id='word_1_184' title='bbox 662 1922 763 1952; x_wconf 88' lang='lat' dir='ltr'>cum</span> <span class='ocrx_word' id='word_1_185' title='bbox 789 1918 957 1953; x_wconf 87' lang='lat' dir='ltr'>tantum</span> <span class='ocrx_word' id='word_1_186' title='bbox 980 1907 1183 1953; x_wconf 85' lang='lat' dir='ltr'>biberent</span> <span class='ocrx_word' id='word_1_187' title='bbox 1203 1922 1281 1967; x_wconf 90' lang='lat' dir='ltr'>per</span> <span class='ocrx_word' id='word_1_188' title='bbox 1303 1905 1470 1968; x_wconf 77' lang='lat' dir='ltr'>singula</span> <span class='ocrx_word' id='word_1_189' title='bbox 1495 1904 1578 1951; x_wconf 80' lang='lat' dir='ltr'>fer-</span> 
     </span>
     <span class='ocr_line' id='line_1_26' title="bbox 297 1975 1407 2040; baseline 0 -18"><span class='ocrx_word' id='word_1_190' title='bbox 297 1975 397 2022; x_wconf 78' lang='lat' dir='ltr'>cula</span> <span class='ocrx_word' id='word_1_191' title='bbox 413 2010 424 2029; x_wconf 83' lang='lat'>‚</span> <span class='ocrx_word' id='word_1_192' title='bbox 446 1977 495 2021; x_wconf 88' lang='lat'>&amp;</span> <span class='ocrx_word' id='word_1_193' title='bbox 515 1993 668 2022; x_wconf 85' lang='lat' dir='ltr'>manus</span> <span class='ocrx_word' id='word_1_194' title='bbox 682 2013 693 2034; x_wconf 92' lang='lat'>‚</span> <span class='ocrx_word' id='word_1_195' title='bbox 713 1978 835 2040; x_wconf 78' lang='lat' dir='ltr'>quasi</span> <span class='ocrx_word' id='word_1_196' title='bbox 852 1977 1143 2025; x_wconf 74' lang='lat' dir='ltr'>comedissent</span> <span class='ocrx_word' id='word_1_197' title='bbox 1157 2011 1169 2033; x_wconf 88' lang='lat'><strong>‚</strong></span> <span class='ocrx_word' id='word_1_198' title='bbox 1190 1977 1407 2022; x_wconf 80' lang='lat' dir='ltr'>lavarent.</span> 
     </span>
    </p>
   </div>
   <div class='ocr_carea' id='block_1_4' title="bbox 297 2048 1581 2479">
    <p class='ocr_par' dir='ltr' id='par_1_4' title="bbox 297 2048 1581 2479">
     <span class='ocr_line' id='line_1_27' title="bbox 363 2048 1580 2099; baseline 0.001 -6"><span class='ocrx_word' id='word_1_199' title='bbox 363 2050 534 2096; x_wconf 85' lang='lat' dir='ltr'>XXVI.</span> <span class='ocrx_word' id='word_1_200' title='bbox 552 2049 722 2096; x_wconf 88' lang='lat' dir='ltr'>Primus</span> <span class='ocrx_word' id='word_1_201' title='bbox 742 2052 1054 2099; x_wconf 86' lang='lat' dir='ltr'>Romanorum</span> <span class='ocrx_word' id='word_1_202' title='bbox 1073 2049 1322 2097; x_wconf 79' lang='lat' dir='ltr'>holoserica</span> <span class='ocrx_word' id='word_1_203' title='bbox 1341 2048 1459 2095; x_wconf 90' lang='lat' dir='ltr'>veste</span> <span class='ocrx_word' id='word_1_204' title='bbox 1477 2048 1580 2095; x_wconf 85' lang='lat' dir='ltr'>usus</span> 
     </span>
     <span class='ocr_line' id='line_1_28' title="bbox 298 2122 1579 2184; baseline 0.001 -17"><span class='ocrx_word' id='word_1_205' title='bbox 298 2123 467 2181; x_wconf 82' lang='lat' dir='ltr'>fertur,</span> <span class='ocrx_word' id='word_1_206' title='bbox 484 2140 590 2169; x_wconf 89' lang='lat' dir='ltr'>cum</span> <span class='ocrx_word' id='word_1_207' title='bbox 616 2122 702 2184; x_wconf 87' lang='lat' dir='ltr'>jam</span> <span class='ocrx_word' id='word_1_208' title='bbox 727 2123 942 2171; x_wconf 88' lang='lat' dir='ltr'>subserica</span> <span class='ocrx_word' id='word_1_209' title='bbox 970 2124 1015 2170; x_wconf 89' lang='lat' dir='ltr'>in</span> <span class='ocrx_word' id='word_1_210' title='bbox 1043 2123 1122 2170; x_wconf 86' lang='lat' dir='ltr'>usu</span> <span class='ocrx_word' id='word_1_211' title='bbox 1146 2122 1296 2171; x_wconf 80' lang='lat' dir='ltr'>effent.</span> <span class='ocrx_word' id='word_1_212' title='bbox 1322 2122 1579 2169; x_wconf 83' lang='lat' dir='ltr'>Linteamen</span> 
     </span>
     <span class='ocr_line' id='line_1_29' title="bbox 298 2194 1580 2260; baseline -0.001 -19"><span class='ocrx_word' id='word_1_213' title='bbox 298 2199 444 2243; x_wconf 87' lang='lat' dir='ltr'>lotum</span> <span class='ocrx_word' id='word_1_214' title='bbox 464 2213 695 2260; x_wconf 87' lang='lat' dir='ltr'>nunquam</span> <span class='ocrx_word' id='word_1_215' title='bbox 721 2196 890 2260; x_wconf 78' lang='lat' dir='ltr'>attigit,</span> <span class='ocrx_word' id='word_1_216' title='bbox 921 2197 1152 2244; x_wconf 85' lang='lat' dir='ltr'>mendicos</span> <span class='ocrx_word' id='word_1_217' title='bbox 1183 2196 1364 2254; x_wconf 85' lang='lat' dir='ltr'>dicens,</span> <span class='ocrx_word' id='word_1_218' title='bbox 1386 2194 1465 2258; x_wconf 90' lang='lat' dir='ltr'>qui</span> <span class='ocrx_word' id='word_1_219' title='bbox 1493 2195 1580 2241; x_wconf 90' lang='lat' dir='ltr'>lin-</span> 
     </span>
     <span class='ocr_line' id='line_1_30' title="bbox 300 2267 1581 2332; baseline -0.001 -18"><span class='ocrx_word' id='word_1_220' title='bbox 300 2268 380 2315; x_wconf 84' lang='lat' dir='ltr'>teis</span> <span class='ocrx_word' id='word_1_221' title='bbox 414 2269 519 2316; x_wconf 86' lang='lat' dir='ltr'>lotis</span> <span class='ocrx_word' id='word_1_222' title='bbox 557 2284 800 2317; x_wconf 88' lang='lat' dir='ltr'>uterentur.</span> <span class='ocrx_word' id='word_1_223' title='bbox 831 2270 1156 2317; x_wconf 80' lang='lat' dir='ltr'>Dalmaticatus</span> <span class='ocrx_word' id='word_1_224' title='bbox 1190 2270 1232 2316; x_wconf 89' lang='lat' dir='ltr'>in</span> <span class='ocrx_word' id='word_1_225' title='bbox 1267 2269 1452 2332; x_wconf 88' lang='lat' dir='ltr'>publico</span> <span class='ocrx_word' id='word_1_226' title='bbox 1482 2267 1581 2330; x_wconf 81' lang='lat' dir='ltr'>post</span> 
     </span>
     <span class='ocr_line' id='line_1_31' title="bbox 299 2341 1579 2405; baseline 0 -20"><span class='ocrx_word' id='word_1_227' title='bbox 299 2358 477 2388; x_wconf 70' lang='lat' dir='ltr'>coenam</span> <span class='ocrx_word' id='word_1_228' title='bbox 502 2341 614 2404; x_wconf 73' lang='lat' dir='ltr'>saepe</span> <span class='ocrx_word' id='word_1_229' title='bbox 642 2342 761 2389; x_wconf 82' lang='lat' dir='ltr'>visus</span> <span class='ocrx_word' id='word_1_230' title='bbox 785 2342 871 2398; x_wconf 83' lang='lat' dir='ltr'>est,</span> <span class='ocrx_word' id='word_1_231' title='bbox 902 2344 1111 2405; x_wconf 71' lang='lat' dir='ltr'>Gurgitem</span> <span class='ocrx_word' id='word_1_232' title='bbox 1142 2345 1315 2388; x_wconf 79' lang='lat' dir='ltr'>Fabium</span> <span class='ocrx_word' id='word_1_233' title='bbox 1340 2343 1387 2389; x_wconf 85' lang='lat'>&amp;</span> <span class='ocrx_word' id='word_1_234' title='bbox 1416 2343 1579 2401; x_wconf 77' lang='lat' dir='ltr'>Scipio-</span> 
     </span>
     <span class='ocr_line' id='line_1_32' title="bbox 297 2413 1577 2479; baseline 0 -21"><span class='ocrx_word' id='word_1_235' title='bbox 297 2432 386 2459; x_wconf 75' lang='lat' dir='ltr'>nem</span> <span class='ocrx_word' id='word_1_236' title='bbox 418 2413 459 2461; x_wconf 90' lang='lat' dir='ltr'>se</span> <span class='ocrx_word' id='word_1_237' title='bbox 494 2415 890 2479; x_wconf 73' lang='lat' dir='ltr'>appelians‚quod</span> <span class='ocrx_word' id='word_1_238' title='bbox 933 2432 1035 2463; x_wconf 78' lang='lat' dir='ltr'>cum</span> <span class='ocrx_word' id='word_1_239' title='bbox 1071 2432 1121 2462; x_wconf 84' lang='lat' dir='ltr'>ea</span> <span class='ocrx_word' id='word_1_240' title='bbox 1160 2414 1279 2463; x_wconf 78' lang='lat' dir='ltr'>veste</span> <span class='ocrx_word' id='word_1_241' title='bbox 1313 2413 1443 2472; x_wconf 81' lang='lat' dir='ltr'>effer,</span> <span class='ocrx_word' id='word_1_242' title='bbox 1475 2428 1577 2459; x_wconf 86' lang='lat' dir='ltr'>cum</span> 
     </span>
    </p>
   </div>
  </div>
 </body>
</html>
