1637 2785
365 117 589 164 INDEX
628 113 1028 163 EDITIONUM.
1209 122 1318 158 xxv

223 224 376 278 signavit
397 237 456 263 an.
491 236 587 276 1455
602 255 615 272 ‚
636 224 812 276 deceptus
831 223 966 262 mendo
987 221 1152 261 editionis
1182 219 1322 259 Hakia-
1362 245 1365 247 >

223 291 393 330 nae‚quae
414 279 452 315 in
467 290 552 316 nota
563 277 772 318 Casauboni
793 276 958 329 expressit
980 275 1104 323 1480,
1125 288 1192 328 pro
1209 287 1322 326 1490,

222 333 283 384 qui
303 345 472 370 numerus
495 331 546 371 est
565 333 600 369 in
624 332 778 369 editione
800 330 1101 370 Casauboniana:
1127 328 1321 368 secundum

224 398 332 437 quem
355 398 468 423 annus
493 386 588 438 1465
614 384 775 424 efficitur.
801 384 911 422 Hunc
935 384 1040 435 igitur
1060 396 1248 421 numerum
1271 381 1324 419 se·

224 440 298 477 cuti
321 437 418 486 sunt,
442 440 502 491 qui
522 437 602 492 post
623 438 668 477 de
695 437 910 477 editionibus
939 437 1162 488 Scriptorum
1196 435 1244 474 H.
1273 436 1323 473 A.

224 491 461 531 tradiderunt.
486 491 613 531 Saxius
635 492 778 544 quidem
802 492 836 528 in
856 490 1059 543 prolegom.
1085 488 1180 529 Hist.
1212 503 1324 542 typo-

222 546 349 598 graph.
376 545 531 585 Mediol.
556 559 635 598 cap.
656 558 703 598 3,
727 557 810 598 pag.
831 543 881 584 88
908 545 1014 582 valde
1035 554 1171 597 pugnat
1189 557 1256 594 pro
1279 558 1324 582 eo

224 613 322 638 anno
338 631 349 647 ,
371 614 445 638 uno
476 599 633 638 Salmasii
657 598 864 638 testimonio
883 599 984 636 nixus
999 627 1010 644 ,
1038 611 1124 636 cum
1149 596 1299 634 fateatur
1314 626 1326 644 ,

225 654 361 691 nemini
387 655 442 692 alii
465 654 534 692 tale
558 653 765 705 exemplum
794 652 914 690 visum
929 683 940 700 ,
962 663 1024 690 aut
1049 653 1086 689 in
1115 650 1243 690 Italicis
1263 650 1327 687 bi-

223 706 353 745 blioth.
376 720 555 760 repertum
579 706 660 746 esse.
683 706 836 744 Utinam
859 704 1050 745 Salmasius
1068 704 1263 757 diligentius
1288 704 1330 741 il-

222 758 284 798 lud
306 761 512 813 exemplum
533 760 644 809 Jureti
665 758 915 812 descripsisset,
930 773 969 797 ut
988 759 1153 810 liquidius
1168 757 1329 808 judicat-2

228 812 426 864 possemus.
444 815 499 855 Ut
512 828 607 853 nunc
628 813 700 861 est,
720 824 842 853 tamen
856 814 1010 852 multum
1025 812 1257 851 dubitationis
1276 826 1332 849 re-

226 867 420 919 linquitur,
448 868 641 920 praesertim
676 882 760 906 cum
793 867 909 915 dicat,
944 867 980 905 se
1011 866 1104 905 hanc
1137 865 1331 904 editionem

231 923 396 960 omnium
420 923 574 974 primam
597 923 826 974 pronuntiare
841 936 915 960 non
939 920 1082 959 audere.
1103 918 1249 970 Quidni
1269 933 1334 957 au-

230 974 352 1023 deret,
375 974 399 1013 si
415 978 498 1013 anni
518 977 631 1028 quinti
648 976 686 1015 ὅ(
702 975 910 1029 sexagesimi
930 974 1029 1014 erat?
1049 987 1133 1013 cum
1148 984 1231 1011 ante
1245 986 1330 1011 eum

230 1041 366 1067 annum
389 1029 424 1066 in
449 1028 547 1067 Italia
572 1030 708 1068 nullum
730 1029 863 1068 librum
887 1028 1058 1068 excusum
1079 1028 1180 1081 typis
1206 1026 1333 1074 fuisse,

230 1081 312 1120 satis
333 1081 494 1130 constet,
522 1084 557 1120 in
583 1082 783 1121 Germania
808 1095 932 1121 autem
956 1083 1087 1121 horum
1115 1081 1333 1133 scriptorum

230 1136 335 1187 typis
355 1136 532 1175 editorum
557 1137 691 1176 nullum
711 1135 902 1189 vestigium
926 1149 1106 1187 repertum
1130 1133 1183 1173 fit.
1206 1135 1334 1187 Itaque

229 1188 436 1228 assentimur
456 1189 720 1236 Meermanno,
741 1191 801 1242 qui
823 1191 858 1227 in
879 1188 1010 1242 Origg.
1036 1201 1186 1242 typogr.
1205 1187 1253 1227 T.
1280 1189 1334 1235 11,

232 1255 318 1296 pag.
352 1257 425 1292 242
458 1244 553 1282 hanc
591 1244 785 1283 editionem
805 1244 890 1282 anni
922 1245 1017 1296 1465
1045 1243 1335 1281 commentitiam

234 1299 464 1347 pronuntiat3
486 1298 653 1350 recieque
667 1296 832 1349 conjicit,
852 1298 1057 1349 exemplum
1071 1295 1335 1335 Salmasmnum

234 1349 338 1389 fuisse
371 1363 511 1402 partem
542 1351 700 1390 mediam
725 1351 958 1390 collectionis
984 1350 1172 1389 variorum
1198 1349 1337 1388 Histor.

232 1402 348 1442 Rom.
373 1402 624 1457 Scriptorum,
638 1418 717 1457 quae
737 1404 890 1444 Medioi.
917 1402 1012 1455 147'3
1035 1404 1191 1456 prodiit,
1213 1404 1337 1442 habet-

233 1470 303 1509 que
323 1459 480 1509 primurn
515 1457 730 1498 Suetonium
762 1472 846 1497 curn
870 1457 1128 1509 subscriptione
1155 1472 1187 1495 a.
1214 1472 1338 1508 14753

234 1511 366 1550 deinde
385 1511 584 1566 Scriptores
605 1512 664 1551 sex
685 1512 736 1550 H.
760 1512 808 1551 A.
828 1510 900 1549 sine
918 1511 1174 1563 subscriptione
1193 1526 1225 1550 a.
1244 1511 1267 1549 l.
1295 1516 1339 1550 ὅζ

234 1575 383 1617 typogr.
413 1566 459 1604 ad
489 1577 691 1605 extremum
722 1565 955 1617 Eutropium,
975 1578 1058 1603 cum
1088 1565 1234 1611 eadem,
1257 1577 1338 1617 quae

237 1619 274 1655 in
293 1621 410 1668 prima
431 1632 530 1671 parte
550 1619 600 1658 est
613 1650 624 1666 ,
638 1619 909 1669 subscriptione.
931 1618 1108 1667 Addit,se
1129 1618 1255 1656 vidiffe
1269 1619 1339 1656 tale

237 1672 446 1723 exemplum
468 1674 504 1710 in
527 1673 750 1712 bibliotheca
773 1672 886 1710 Henr.
903 1671 1188 1725 Justice,Hagae
1212 1672 1340 1710 vendi-

239 1736 276 1763 ta
299 1740 331 1764 a.
362 1726 484 1777 1763,
504 1726 609 1778 idque
630 1727 732 1778 plane
748 1724 961 1764 consenstffe
982 1738 1066 1764 cum
1089 1725 1259 1776 exemplo
1275 1724 1338 1764 suo

240 1792 274 1816 a.
310 1793 419 1830 1475.
445 1779 634 1818 Habemus
659 1781 700 1819 ὅ(
724 1778 792 1830 ipsi
814 1779 882 1817 tale
907 1780 1135 1831 exemplum,
1158 1778 1228 1817 sine
1246 1792 1341 1830 prte-

237 1831 373 1870 fatione
394 1833 434 1871 &
460 1832 714 1885 subscriptione
747 1834 832 1870 anni
858 1833 899 1871 &
924 1833 1014 1880 loci,
1046 1834 1199 1886 ligatura
1225 1831 1338 1872 Fran-

235 1886 311 1924 tica
332 1886 481 1937 pulchra
499 1887 685 1939 superioris
703 1885 835 1932 seculi,
858 1885 1001 1924 fortaffe
1020 1887 1103 1924 illud
1127 1886 1244 1937 ipsum
1264 1885 1341 1924 Sal-

240 1939 462 1986 masianum‚
491 1951 586 1979 certe
611 1941 646 1978 id
662 1972 674 1989 ,
696 1939 797 1990 quod
817 1954 847 1978 a.
884 1939 982 1990 1763
1004 1940 1121 1993 Hagae
1151 1940 1338 1991 venditum

241 1992 315 2032 est:
335 1997 368 2030 in
385 2006 459 2044 quo
481 1993 648 2046 scriptum
675 1992 725 2032 est
748 1994 784 2030 in
806 1995 923 2045 capite
942 1994 1072 2032 chartae
1094 2004 1176 2032 ante
1197 1995 1340 2032 initium

239 2046 341 2086 libri:
367 2046 533 2086 Historiae
555 2048 651 2100 Aug.
674 2046 872 2099 Scriptores
895 2046 1095 2085 Mediolani
1116 2048 1227 2100 1465,
1242 2047 1341 2099 quod

238 2100 447 2152 exemplum
472 2100 497 2138 sl
516 2099 704 2139 Salmasius
725 2101 873 2148 habuit,
886 2100 953 2138 hac
967 2113 1053 2139 nota
1075 2101 1191 2153 decipi
1206 2102 1338 2153 potuit.

240 2152 304 2193 Est
325 2166 448 2192 autern
470 2155 541 2193 hoc
561 2155 768 2206 exemplum
788 2153 1013 2206 hujusmodi:
1048 2176 1092 2184 —
1120 2154 1267 2196 Initium
1287 2154 1341 2192 fa·

237 2207 337 2246 ciunt
373 2208 463 2245 Vitae
500 2210 628 2246 Nem'ae
663 2210 702 2247 δι
743 2210 775 2246 T
773 2208 891 2260 rajani
926 2208 1131 2246 recentioris
1164 2207 1342 2259 scriptoris

243 2259 461 2309 Christiani,
483 2274 561 2314 quae
585 2262 652 2300 tria
672 2261 758 2300 folia
778 2261 936 2314 explent.
959 2259 1124 2313 Sequitur
1148 2273 1243 2312 opus
1265 2261 1344 2299 scri·

242 2325 392 2365 ptorum
430 2314 586 2367 ipsorum
611 2314 680 2354 sic:
705 2315 746 2352 In
773 2316 836 2354 hoc
863 2315 981 2354 Codice
1007 2315 1224 2352 continentur
1252 2317 1341 2353 Vitae

245 2369 447 2421 diversorum
468 2370 670 2420 Principum
687 2367 721 2406 δ’
747 2371 987 2420 Tyrannorum
999 2398 1009 2413 ‚
1026 2383 1046 2405 a
1065 2367 1167 2406 Divo
1183 2369 1341 2406 Hadria-

246 2436 290 2461 no
314 2423 416 2475 astque
437 2425 483 2463 ad
501 2424 747 2463 Numerianum
766 2439 787 2462 a
809 2423 947 2474 diversfs
965 2421 1190 2474 scriptoribus
1213 2436 1343 2476 compo-
