1637 2785
254 164 1115 213 TRIGINTATYRANNI.
1256 178 1338 228 133

63 276 122 322 νὶ.
157 275 382 320 Vic70riam
409 277 487 319 mei
500 274 680 336 similem
712 277 870 319 credens
888 309 900 327 ‚
930 275 975 319 in
1005 274 1248 331 consortium
1283 292 1341 319 re-

58 349 135 408 gni
155 348 308 401 venire,
323 346 374 410 st
380 345 571 403 facultas
595 350 788 390 locorum·
798 361 1027 405 pateretur,
1046 349 1196 406 optavi.
1236 346 1340 391 Du-

60 419 125 464 &a
154 419 211 464 est
250 418 383 481 igitur
413 433 491 480 per
517 416 821 478 triumphum,
855 434 904 463 ea
935 419 1103 477 specie,
1138 431 1186 464 ut
1227 417 1341 465 nihil

59 492 360 554 pompabilius
386 491 558 555 populo
596 493 806 539 Romano
850 488 1090 540 videretur.
1125 492 1210 553 jam
1247 492 1340 555 pri·

59 581 181 611 mum
216 579 373 612 ornata
405 565 588 628 gemmis
617 564 899 628 ingentibus,
929 564 987 610 ita
1020 578 1066 610 ut
1096 580 1340 611 ornamen-

57 649 208 682 torum
237 653 375 683 onere
396 637 633 684 laboraret.
663 641 820 684 Fertur
844 637 962 684 enim
996 636 1153 683 mulier
1185 637 1340 683 fortis-

57 708 162 755 fima
183 711 407 772 saepiffime
425 711 646 766 restitisse,
669 727 771 758 cum
797 709 990 767 diceret,
1008 709 1048 754 se
1064 725 1341 771 gemmarum

58 798 195 831 onera
226 783 338 831 ferre
368 801 463 831 non
500 784 634 847 posse.
673 783 824 831 Vinffi
859 795 981 829 erant
1013 796 1224 844 praeterea
1258 797 1339 843 pe-

56 857 133 904 des
156 875 270 905 auro
291 895 304 917 ,
338 877 496 908 manus
524 860 655 907 etiam
694 859 856 908 catenis
894 859 1064 905 aureis:
1096 875 1178 905 nec
1212 857 1340 904 collo

55 946 236 978 aureum
257 933 485 980 vinculum
513 933 687 989 deerat,
704 933 827 997 quod
852 932 995 979 scurra
1012 930 1202 979 Persicus
1223 946 1347 991 praeq

53 1002 239 1052 ferebat.
273 1006 392 1052 Huic
421 1006 477 1053 ab
506 1006 750 1052 Aureliano
790 1005 946 1052 vivere
974 1003 1228 1051 conceffum
1261 1002 1341 1050 est⁰

55 1074 286 1140 ferturque
320 1078 478 1125 vixisse
508 1095 610 1126 cum
643 1078 820 1134 liberis,
847 1093 1063 1125 matronae
1092 1077 1178 1139 jam
1209 1093 1340 1125 more

54 1148 305 1207 Romanae,
337 1151 438 1197 data
482 1151 559 1197 fibi
601 1150 864 1213 pofl'eflione
898 1151 945 1197 in
986 1151 1202 1206 Tiburti,
1233 1167 1336 1209 quae

54 1222 282 1285 hodieque
309 1224 507 1270 Zenobia
542 1224 724 1280 dieitur,
750 1241 841 1270 non
875 1222 1010 1286 longe
1036 1225 1091 1270 ab
1124 1222 1337 1270 Hadriani

54 1295 248 1358 palatio,
267 1309 400 1361 atque
420 1298 476 1344 ab
495 1314 552 1345 eo
571 1298 679 1345 loco
692 1332 706 1356 ‚
723 1297 795 1345 cui
816 1313 986 1345 nomen
1006 1297 1066 1344 est
1088 1297 1304 1344 Conchae.

216 1452 479 1519 XXX.
547 1451 1167 1509 VICTORIA.

54 1663 228 1712 XXXI,
264 1623 424 1710 NON
451 1674 539 1709 tam
563 1662 697 1725 digna
714 1679 782 1709 res
808 1673 902 1708 erat
918 1697 933 1718 ‚
949 1673 997 1709 ut
1016 1662 1148 1709 etiam
1171 1661 1331 1710 viiio-i

54 1735 175 1793 rina,
199 1735 288 1783 five
308 1735 539 1792 Vithoria,
558 1735 603 1780 in
633 1734 781 1782 literas
810 1736 1084 1790 mitteretur,
1114 1735 1192 1782 nisi
1221 1736 1330 1782 Gal-

51 1807 159 1854 lieni
189 1824 334 1854 mores
363 1808 452 1855 hoc
473 1808 692 1864 facerent,
718 1821 765 1854 ut
786 1809 1002 1856 memoria
1021 1804 1166 1872 dignae
1196 1811 1327 1858 etiam

52 1880 258 1927 mulieres
277 1879 573 1927 censerentur.
610 1881 810 1928 Viuoria
826 1881 957 1928 ‘enim
974 1918 987 1939 ‚
1008 1883 1085 1928 ubi
1115 1881 1254 1929 filiurn
1276 1898 1328 1933 ac

53 1965 266 2013 nepotem
303 1969 327 1998 a
367 1951 581 1998 militibus
622 1952 736 1999 vidit
769 1954 979 2011 occisos,
1018 1942 1328 2015 Postumium,

53 2023 212 2078 deinde
241 2023 528 2081 Lollianum,
560 2024 752 2071 Marium
789 2025 951 2084 etiam,
981 2043 1114 2089 quem
1152 2028 1329 2075 Princi-

52 2113 153 2160 pem
191 2097 353 2144 milites
380 2111 701 2160 nuncuparunt
720 2134 733 2156 ,
765 2098 1057 2158 interemtos,
1089 2100 1325 2148 Tetricum

54 2171 145 2231 (de
174 2186 268 2234 quo
294 2170 492 2232 superius
510 2172 675 2218 dietum
696 2170 789 2236 est)
819 2173 874 2218 ad
895 2172 1130 2235 imperium
1150 2173 1326 2218 hortata

52 2242 146 2300 est,
167 2254 214 2288 ut
234 2241 364 2288 virile
396 2241 566 2305 semper
597 2242 768 2290 facinus
804 2243 982 2305 auderet
1003 2244 1233 2307 :insignita
1263 2244 1325 2290 est

53 2326 265 2378 praeterea
304 2315 390 2362 hoc
421 2314 581 2374 titulo,
607 2330 654 2364 ut
686 2320 903 2385 castrorum
937 2317 979 2363 se
1017 2317 1182 2364 diceret
1216 2319 1324 2362 Ma-

53 2404 165 2435 trem.
187 2387 290 2433 Cufi
321 2387 418 2434 sunt
439 2387 533 2449 ejus
563 2391 732 2436 nummi
766 2389 864 2436 aerei
881 2424 894 2448 ‚
915 2390 1065 2444 aurei,
1094 2390 1140 2437 δι
1164 2405 1322 2452 argen-

52 2459 140 2519 tei,
170 2475 367 2525 quorum
403 2460 627 2526 hodieque
667 2461 813 2512 forma
846 2463 981 2512 exstat
1014 2463 1132 2524 apud
1163 2461 1324 2515 Trevi÷

989 2538 1068 2601 13
