<?xml version="1.0" encoding="UTF-8"?>
<!DOCTYPE html PUBLIC "-//W3C//DTD XHTML 1.0 Transitional//EN"
    "http://www.w3.org/TR/xhtml1/DTD/xhtml1-transitional.dtd">
<html xmlns="http://www.w3.org/1999/xhtml" xml:lang="en" lang="en">
 <head>
  <title>
</title>
<meta http-equiv="Content-Type" content="text/html;charset=utf-8" />
  <meta name='ocr-system' content='tesseract 3.04.00' />
  <meta name='ocr-capabilities' content='ocr_page ocr_carea ocr_par ocr_line ocrx_word'/>
</head>
<body>
  <div class='ocr_page' id='page_1' title='image "./historiaeaugusta00bipouoft_0339.png"; bbox 0 0 1637 2785; ppageno 0'>
   <div class='ocr_carea' id='block_1_1' title="bbox 252 148 1357 198">
    <p class='ocr_par' dir='ltr' id='par_1_1' title="bbox 252 148 1357 198">
     <span class='ocr_line' id='line_1_1' title="bbox 252 148 1357 198; baseline -0.001 -1"><span class='ocrx_word' id='word_1_1' title='bbox 252 148 771 197; x_wconf 83' lang='lat' dir='ltr'>ALEXANDER</span> <span class='ocrx_word' id='word_1_2' title='bbox 820 149 1188 198; x_wconf 79' lang='lat' dir='ltr'><strong>SEVERUS.</strong></span> <span class='ocrx_word' id='word_1_3' title='bbox 1274 150 1357 198; x_wconf 74' lang='lat'><strong>261</strong></span> 
     </span>
    </p>
   </div>
   <div class='ocr_carea' id='block_1_2' title="bbox 78 255 1373 2514">
    <p class='ocr_par' dir='ltr' id='par_1_2' title="bbox 91 255 1369 460">
     <span class='ocr_line' id='line_1_2' title="bbox 92 255 1369 320; baseline 0 -17"><span class='ocrx_word' id='word_1_4' title='bbox 92 272 138 303; x_wconf 86' lang='lat' dir='ltr'><strong>re</strong></span> <span class='ocrx_word' id='word_1_5' title='bbox 159 271 235 318; x_wconf 85' lang='lat' dir='ltr'><strong>per</strong></span> <span class='ocrx_word' id='word_1_6' title='bbox 254 262 437 303; x_wconf 82' lang='lat' dir='ltr'><strong>matrem</strong></span> <span class='ocrx_word' id='word_1_7' title='bbox 461 255 577 301; x_wconf 88' lang='lat' dir='ltr'><strong>suam</strong></span> <span class='ocrx_word' id='word_1_8' title='bbox 603 256 903 304; x_wconf 86' lang='lat' dir='ltr'><strong>consobrinus</strong></span> <span class='ocrx_word' id='word_1_9' title='bbox 922 258 1079 304; x_wconf 83' lang='lat' dir='ltr'><strong>Varius</strong></span> <span class='ocrx_word' id='word_1_10' title='bbox 1100 257 1369 320; x_wconf 87' lang='lat' dir='ltr'><strong>Heliogaba-</strong></span> 
     </span>
     <span class='ocr_line' id='line_1_3' title="bbox 92 326 1367 393; baseline 0.002 -19"><span class='ocrx_word' id='word_1_11' title='bbox 92 329 158 375; x_wconf 86' lang='lat' dir='ltr'><strong>lus</strong></span> <span class='ocrx_word' id='word_1_12' title='bbox 177 327 274 375; x_wconf 82' lang='lat' dir='ltr'><strong>fuit.</strong></span> <span class='ocrx_word' id='word_1_13' title='bbox 294 326 536 375; x_wconf 84' lang='lat' dir='ltr'><strong>Recusavit</strong></span> <span class='ocrx_word' id='word_1_14' title='bbox 558 327 606 374; x_wconf 70' lang='lat' dir='ltr'><strong>&lt;Sc</strong></span> <span class='ocrx_word' id='word_1_15' title='bbox 625 330 780 389; x_wconf 78' lang='lat' dir='ltr'><strong>Magni</strong></span> <span class='ocrx_word' id='word_1_16' title='bbox 798 343 963 374; x_wconf 88' lang='lat' dir='ltr'><strong>nomen</strong></span> <span class='ocrx_word' id='word_1_17' title='bbox 982 364 995 385; x_wconf 91' lang='lat'>,</span> <span class='ocrx_word' id='word_1_18' title='bbox 1013 329 1138 391; x_wconf 90' lang='lat' dir='ltr'><strong>quod</strong></span> <span class='ocrx_word' id='word_1_19' title='bbox 1158 329 1196 376; x_wconf 89' lang='lat' dir='ltr'><strong>ei</strong></span> <span class='ocrx_word' id='word_1_20' title='bbox 1213 365 1227 388; x_wconf 93' lang='lat'>,</span> <span class='ocrx_word' id='word_1_21' title='bbox 1247 328 1367 393; x_wconf 69' lang='lat' dir='ltr'><strong>quast</strong></span> 
     </span>
     <span class='ocr_line' id='line_1_4' title="bbox 91 399 1093 460; baseline 0.005 -14"><span class='ocrx_word' id='word_1_22' title='bbox 91 401 350 447; x_wconf 87' lang='lat' dir='ltr'><strong>Alexandro</strong></span> <span class='ocrx_word' id='word_1_23' title='bbox 368 434 383 458; x_wconf 93' lang='lat'>‚</span> <span class='ocrx_word' id='word_1_24' title='bbox 401 399 462 446; x_wconf 89' lang='lat' dir='ltr'><strong>est</strong></span> <span class='ocrx_word' id='word_1_25' title='bbox 481 399 682 446; x_wconf 84' lang='lat' dir='ltr'><strong>oblatum</strong></span> <span class='ocrx_word' id='word_1_26' title='bbox 700 402 886 447; x_wconf 82' lang='lat' dir='ltr'><strong>Senatus</strong></span> <span class='ocrx_word' id='word_1_27' title='bbox 906 400 1093 460; x_wconf 73' lang='lat' dir='ltr'><strong>judicio.</strong></span> 
     </span>
    </p>

    <p class='ocr_par' dir='ltr' id='par_1_3' title="bbox 78 472 1370 1996">
     <span class='ocr_line' id='line_1_5' title="bbox 158 472 1367 536; baseline 0.004 -19"><span class='ocrx_word' id='word_1_28' title='bbox 158 475 233 518; x_wconf 92' lang='lat' dir='ltr'><strong>VI.</strong></span> <span class='ocrx_word' id='word_1_29' title='bbox 255 472 433 519; x_wconf 80' lang='lat' dir='ltr'><strong>Interest</strong></span> <span class='ocrx_word' id='word_1_30' title='bbox 459 485 658 520; x_wconf 82' lang='lat' dir='ltr'><strong>retexere</strong></span> <span class='ocrx_word' id='word_1_31' title='bbox 677 474 928 520; x_wconf 87' lang='lat' dir='ltr'><strong>orationem</strong></span> <span class='ocrx_word' id='word_1_32' title='bbox 944 509 956 530; x_wconf 89' lang='lat'>,</span> <span class='ocrx_word' id='word_1_33' title='bbox 980 491 1066 536; x_wconf 87' lang='lat' dir='ltr'><strong>qua</strong></span> <span class='ocrx_word' id='word_1_34' title='bbox 1089 491 1254 521; x_wconf 85' lang='lat' dir='ltr'><strong>nomen</strong></span> <span class='ocrx_word' id='word_1_35' title='bbox 1277 478 1367 522; x_wconf 83' lang='lat' dir='ltr'><strong>An-</strong></span> 
     </span>
     <span class='ocr_line' id='line_1_6' title="bbox 90 545 1366 607; baseline 0.002 -15"><span class='ocrx_word' id='word_1_36' title='bbox 90 545 238 592; x_wconf 79' lang='lat' dir='ltr'><strong>tonini</strong></span> <span class='ocrx_word' id='word_1_37' title='bbox 265 547 314 593; x_wconf 66' lang='grc' dir='ltr'><strong>δέ</strong></span> <span class='ocrx_word' id='word_1_38' title='bbox 341 545 517 607; x_wconf 81' lang='lat' dir='ltr'>Magni,</span> <span class='ocrx_word' id='word_1_39' title='bbox 548 545 737 593; x_wconf 86' lang='lat' dir='ltr'><strong>delatum</strong></span> <span class='ocrx_word' id='word_1_40' title='bbox 761 546 839 593; x_wconf 84' lang='lat' dir='ltr'><strong>fibi</strong></span> <span class='ocrx_word' id='word_1_41' title='bbox 860 564 883 592; x_wconf 90' lang='lat' dir='ltr'><strong>a</strong></span> <span class='ocrx_word' id='word_1_42' title='bbox 906 548 1097 605; x_wconf 86' lang='lat' dir='ltr'><strong>Senatu,</strong></span> <span class='ocrx_word' id='word_1_43' title='bbox 1119 547 1366 594; x_wconf 87' lang='lat' dir='ltr'><strong>recusavit:</strong></span> 
     </span>
     <span class='ocr_line' id='line_1_7' title="bbox 90 618 1367 681; baseline 0.002 -17"><span class='ocrx_word' id='word_1_44' title='bbox 90 635 222 680; x_wconf 84' lang='lat' dir='ltr'><strong>quam</strong></span> <span class='ocrx_word' id='word_1_45' title='bbox 242 618 498 681; x_wconf 84' lang='lat' dir='ltr'>priusquam</span> <span class='ocrx_word' id='word_1_46' title='bbox 522 618 733 677; x_wconf 86' lang='lat' dir='ltr'><strong>referam,</strong></span> <span class='ocrx_word' id='word_1_47' title='bbox 755 621 907 666; x_wconf 83' lang='lat' dir='ltr'><strong>addam</strong></span> <span class='ocrx_word' id='word_1_48' title='bbox 930 621 1271 668; x_wconf 76' lang='lat' dir='ltr'><strong>acclamationes</strong></span> <span class='ocrx_word' id='word_1_49' title='bbox 1291 622 1367 667; x_wconf 89' lang='lat' dir='ltr'><strong>Se·</strong></span> 
     </span>
     <span class='ocr_line' id='line_1_8' title="bbox 90 691 1370 754; baseline 0.003 -18"><span class='ocrx_word' id='word_1_50' title='bbox 90 704 244 749; x_wconf 84' lang='lat' dir='ltr'><strong>natus,</strong></span> <span class='ocrx_word' id='word_1_51' title='bbox 278 691 437 754; x_wconf 89' lang='lat' dir='ltr'><strong>quibus</strong></span> <span class='ocrx_word' id='word_1_52' title='bbox 462 691 505 737; x_wconf 83' lang='lat' dir='ltr'><strong>id</strong></span> <span class='ocrx_word' id='word_1_53' title='bbox 536 692 758 740; x_wconf 86' lang='lat' dir='ltr'><strong>decretum</strong></span> <span class='ocrx_word' id='word_1_54' title='bbox 789 694 945 741; x_wconf 79' lang='lat' dir='ltr'><strong>est.Ex</strong></span> <span class='ocrx_word' id='word_1_55' title='bbox 977 695 1081 741; x_wconf 60' lang='lat' dir='ltr'><strong>actis</strong></span> <span class='ocrx_word' id='word_1_56' title='bbox 1102 692 1236 742; x_wconf 85' lang='lat' dir='ltr'>Urbis</span> <span class='ocrx_word' id='word_1_57' title='bbox 1266 708 1370 741; x_wconf 87' lang='lat' dir='ltr'><strong>ante</strong></span> 
     </span>
     <span class='ocr_line' id='line_1_9' title="bbox 89 765 1366 830; baseline 0.002 -19"><span class='ocrx_word' id='word_1_58' title='bbox 89 765 207 811; x_wconf 82' lang='lat' dir='ltr'><strong>diem</strong></span> <span class='ocrx_word' id='word_1_59' title='bbox 235 765 376 825; x_wconf 82' lang='lat' dir='ltr'><strong>pridie</strong></span> <span class='ocrx_word' id='word_1_60' title='bbox 398 766 554 812; x_wconf 86' lang='lat' dir='ltr'><strong>Nonas</strong></span> <span class='ocrx_word' id='word_1_61' title='bbox 580 767 775 814; x_wconf 81' lang='lat' dir='ltr'><strong>Martias.</strong></span> <span class='ocrx_word' id='word_1_62' title='bbox 798 768 915 814; x_wconf 87' lang='lat' dir='ltr'><strong>Cum</strong></span> <span class='ocrx_word' id='word_1_63' title='bbox 941 769 1127 815; x_wconf 82' lang='lat' dir='ltr'><strong>Senatus</strong></span> <span class='ocrx_word' id='word_1_64' title='bbox 1157 767 1366 830; x_wconf 81' lang='lat' dir='ltr'><strong>frequens</strong></span> 
     </span>
     <span class='ocr_line' id='line_1_10' title="bbox 89 838 1369 901; baseline 0 -16"><span class='ocrx_word' id='word_1_65' title='bbox 89 838 136 885; x_wconf 83' lang='lat' dir='ltr'><strong>in</strong></span> <span class='ocrx_word' id='word_1_66' title='bbox 158 839 322 886; x_wconf 79' lang='lat' dir='ltr'><strong>curiam</strong></span> <span class='ocrx_word' id='word_1_67' title='bbox 337 876 352 895; x_wconf 92' lang='lat'>,</span> <span class='ocrx_word' id='word_1_68' title='bbox 378 839 465 886; x_wconf 92' lang='lat' dir='ltr'><strong>hoc</strong></span> <span class='ocrx_word' id='word_1_69' title='bbox 485 840 568 896; x_wconf 89' lang='lat' dir='ltr'><strong>est,</strong></span> <span class='ocrx_word' id='word_1_70' title='bbox 587 840 631 885; x_wconf 91' lang='lat' dir='ltr'><strong>in</strong></span> <span class='ocrx_word' id='word_1_71' title='bbox 657 841 793 886; x_wconf 82' lang='lat' dir='ltr'><strong>aedem</strong></span> <span class='ocrx_word' id='word_1_72' title='bbox 809 841 1106 899; x_wconf 70' lang='lat' dir='ltr'><strong>Concordiae,</strong></span> <span class='ocrx_word' id='word_1_73' title='bbox 1125 840 1369 901; x_wconf 85' lang='lat' dir='ltr'><strong>templum-</strong></span> 
     </span>
     <span class='ocr_line' id='line_1_11' title="bbox 90 911 1368 977; baseline 0.002 -20"><span class='ocrx_word' id='word_1_74' title='bbox 90 928 180 974; x_wconf 88' lang='lat' dir='ltr'><strong>que</strong></span> <span class='ocrx_word' id='word_1_75' title='bbox 201 911 514 975; x_wconf 87' lang='lat' dir='ltr'><strong>inauguratum</strong></span> <span class='ocrx_word' id='word_1_76' title='bbox 527 948 538 969; x_wconf 91' lang='lat'>,</span> <span class='ocrx_word' id='word_1_77' title='bbox 557 912 860 970; x_wconf 74' lang='lat' dir='ltr'><strong>convenisset,</strong></span> <span class='ocrx_word' id='word_1_78' title='bbox 878 913 1141 977; x_wconf 83' lang='lat' dir='ltr'><strong>rogatusque</strong></span> <span class='ocrx_word' id='word_1_79' title='bbox 1157 913 1261 960; x_wconf 80' lang='lat' dir='ltr'><strong>effet</strong></span> <span class='ocrx_word' id='word_1_80' title='bbox 1273 915 1368 959; x_wconf 89' lang='lat' dir='ltr'><strong>Au-</strong></span> 
     </span>
     <span class='ocr_line' id='line_1_12' title="bbox 89 987 1370 1051; baseline 0.001 -19"><span class='ocrx_word' id='word_1_81' title='bbox 89 987 226 1034; x_wconf 85' lang='lat' dir='ltr'><strong>relius</strong></span> <span class='ocrx_word' id='word_1_82' title='bbox 252 987 508 1035; x_wconf 80' lang='lat' dir='ltr'><strong>Alexander</strong></span> <span class='ocrx_word' id='word_1_83' title='bbox 539 988 682 1034; x_wconf 82' lang='lat' dir='ltr'><strong>Caesar</strong></span> <span class='ocrx_word' id='word_1_84' title='bbox 716 988 961 1051; x_wconf 82' lang='lat' dir='ltr'><strong>Augustus,</strong></span> <span class='ocrx_word' id='word_1_85' title='bbox 993 1003 1041 1035; x_wconf 91' lang='lat' dir='ltr'><strong>ut</strong></span> <span class='ocrx_word' id='word_1_86' title='bbox 1074 988 1335 1036; x_wconf 81' lang='lat' dir='ltr'><strong>concineret</strong></span> <span class='ocrx_word' id='word_1_87' title='bbox 1354 1023 1370 1045; x_wconf 90' lang='lat'><strong>,</strong></span> 
     </span>
     <span class='ocr_line' id='line_1_13' title="bbox 91 1060 1369 1123; baseline 0 -16"><span class='ocrx_word' id='word_1_88' title='bbox 91 1077 145 1108; x_wconf 89' lang='lat' dir='ltr'><strong>ac</strong></span> <span class='ocrx_word' id='word_1_89' title='bbox 169 1061 319 1123; x_wconf 82' lang='lat' dir='ltr'><strong>primo</strong></span> <span class='ocrx_word' id='word_1_90' title='bbox 344 1061 596 1118; x_wconf 69' lang='lat' dir='ltr'><strong>recusasset,</strong></span> <span class='ocrx_word' id='word_1_91' title='bbox 621 1062 744 1123; x_wconf 88' lang='lat' dir='ltr'><strong>quod</strong></span> <span class='ocrx_word' id='word_1_92' title='bbox 773 1061 900 1109; x_wconf 84' lang='lat' dir='ltr'><strong>sciret</strong></span> <span class='ocrx_word' id='word_1_93' title='bbox 925 1062 977 1108; x_wconf 85' lang='lat' dir='ltr'><strong>de</strong></span> <span class='ocrx_word' id='word_1_94' title='bbox 1003 1062 1252 1109; x_wconf 88' lang='lat' dir='ltr'><strong>honoribus</strong></span> <span class='ocrx_word' id='word_1_95' title='bbox 1281 1060 1369 1108; x_wconf 85' lang='lat' dir='ltr'><strong>suis</strong></span> 
     </span>
     <span class='ocr_line' id='line_1_14' title="bbox 90 1133 1370 1194; baseline 0 -15"><span class='ocrx_word' id='word_1_96' title='bbox 90 1133 339 1194; x_wconf 72' lang='lat' dir='ltr'><strong>agendum,</strong></span> <span class='ocrx_word' id='word_1_97' title='bbox 361 1134 519 1179; x_wconf 86' lang='lat' dir='ltr'><strong>deinde</strong></span> <span class='ocrx_word' id='word_1_98' title='bbox 539 1133 689 1192; x_wconf 87' lang='lat' dir='ltr'><strong>postea</strong></span> <span class='ocrx_word' id='word_1_99' title='bbox 710 1134 920 1188; x_wconf 82' lang='lat' dir='ltr'><strong>veniffet,</strong></span> <span class='ocrx_word' id='word_1_100' title='bbox 937 1134 1248 1180; x_wconf 69' lang='lat' dir='ltr'><strong>acclamatum:</strong></span> <span class='ocrx_word' id='word_1_101' title='bbox 1272 1139 1370 1180; x_wconf 85' lang='lat' dir='ltr'><strong>Au·</strong></span> 
     </span>
     <span class='ocr_line' id='line_1_15' title="bbox 88 1207 1367 1270; baseline 0.001 -19"><span class='ocrx_word' id='word_1_102' title='bbox 88 1207 194 1270; x_wconf 75' lang='lat' dir='ltr'><strong>guste</strong></span> <span class='ocrx_word' id='word_1_103' title='bbox 218 1207 414 1252; x_wconf 84' lang='lat' dir='ltr'><strong>innocens</strong></span> <span class='ocrx_word' id='word_1_104' title='bbox 429 1241 442 1264; x_wconf 92' lang='lat'>‚</span> <span class='ocrx_word' id='word_1_105' title='bbox 470 1207 570 1267; x_wconf 24' lang='lat' dir='ltr'><strong>Dii*</strong></span> <span class='ocrx_word' id='word_1_106' title='bbox 587 1221 623 1251; x_wconf 88' lang='lat' dir='ltr'><strong>te</strong></span> <span class='ocrx_word' id='word_1_107' title='bbox 637 1207 817 1267; x_wconf 68' lang='lat' dir='ltr'><strong>servent.</strong></span> <span class='ocrx_word' id='word_1_108' title='bbox 842 1209 1090 1252; x_wconf 81' lang='lat' dir='ltr'><strong>Alexander</strong></span> <span class='ocrx_word' id='word_1_109' title='bbox 1113 1209 1367 1267; x_wconf 82' lang='lat' dir='ltr'><strong>Imperator,</strong></span> 
     </span>
     <span class='ocr_line' id='line_1_16' title="bbox 90 1279 1370 1340; baseline 0.002 -17"><span class='ocrx_word' id='word_1_110' title='bbox 90 1281 181 1324; x_wconf 87' lang='lat' dir='ltr'><strong>Dii</strong></span> <span class='ocrx_word' id='word_1_111' title='bbox 206 1295 240 1324; x_wconf 90' lang='lat' dir='ltr'><strong>te</strong></span> <span class='ocrx_word' id='word_1_112' title='bbox 254 1279 430 1340; x_wconf 71' lang='lat' dir='ltr'><strong>servent.</strong></span> <span class='ocrx_word' id='word_1_113' title='bbox 461 1280 550 1324; x_wconf 89' lang='lat' dir='ltr'><strong>Dii</strong></span> <span class='ocrx_word' id='word_1_114' title='bbox 571 1294 607 1323; x_wconf 89' lang='lat' dir='ltr'><strong>te</strong></span> <span class='ocrx_word' id='word_1_115' title='bbox 624 1281 745 1323; x_wconf 77' lang='lat' dir='ltr'><strong>nohis</strong></span> <span class='ocrx_word' id='word_1_116' title='bbox 767 1281 985 1335; x_wconf 79' lang='lat' dir='ltr'><strong>dederunt,</strong></span> <span class='ocrx_word' id='word_1_117' title='bbox 1013 1280 1103 1324; x_wconf 88' lang='lat' dir='ltr'><strong>Dii</strong></span> <span class='ocrx_word' id='word_1_118' title='bbox 1120 1280 1370 1340; x_wconf 83' lang='lat' dir='ltr'><strong>conservent.</strong></span> 
     </span>
     <span class='ocr_line' id='line_1_17' title="bbox 90 1351 1370 1411; baseline -0.002 -15"><span class='ocrx_word' id='word_1_119' title='bbox 90 1352 179 1396; x_wconf 90' lang='lat' dir='ltr'><strong>Dii</strong></span> <span class='ocrx_word' id='word_1_120' title='bbox 198 1367 233 1395; x_wconf 90' lang='lat' dir='ltr'><strong>te</strong></span> <span class='ocrx_word' id='word_1_121' title='bbox 258 1369 311 1397; x_wconf 89' lang='lat' dir='ltr'><strong>ex</strong></span> <span class='ocrx_word' id='word_1_122' title='bbox 331 1351 524 1396; x_wconf 84' lang='lat' dir='ltr'><strong>manibus</strong></span> <span class='ocrx_word' id='word_1_123' title='bbox 551 1352 704 1408; x_wconf 87' lang='lat' dir='ltr'><strong>impuri</strong></span> <span class='ocrx_word' id='word_1_124' title='bbox 735 1353 988 1410; x_wconf 70' lang='lat' dir='ltr'><strong>eripuerunt,</strong></span> <span class='ocrx_word' id='word_1_125' title='bbox 1014 1351 1098 1394; x_wconf 88' lang='lat' dir='ltr'><strong>Dii</strong></span> <span class='ocrx_word' id='word_1_126' title='bbox 1123 1365 1370 1411; x_wconf 79' lang='lat' dir='ltr'><strong>perpetuent,</strong></span> 
     </span>
     <span class='ocr_line' id='line_1_18' title="bbox 91 1421 1370 1486; baseline 0.002 -18"><span class='ocrx_word' id='word_1_127' title='bbox 91 1426 306 1483; x_wconf 80' lang='lat' dir='ltr'><strong>Impurum</strong></span> <span class='ocrx_word' id='word_1_128' title='bbox 328 1439 554 1483; x_wconf 88' lang='lat' dir='ltr'><strong>tyrannum</strong></span> <span class='ocrx_word' id='word_1_129' title='bbox 580 1421 620 1469; x_wconf 70' lang='lat' dir='ltr'>G</span> <span class='ocrx_word' id='word_1_130' title='bbox 639 1439 685 1468; x_wconf 88' lang='lat' dir='ltr'><strong>tu</strong></span> <span class='ocrx_word' id='word_1_131' title='bbox 697 1422 898 1486; x_wconf 74' lang='lat' dir='ltr'><strong>perpeſjits</strong></span> <span class='ocrx_word' id='word_1_132' title='bbox 916 1441 984 1470; x_wconf 79' lang='lat' dir='ltr'><strong>es:</strong></span> <span class='ocrx_word' id='word_1_133' title='bbox 1003 1426 1208 1484; x_wconf 83' lang='lat' dir='ltr'><strong>impurum</strong></span> <span class='ocrx_word' id='word_1_134' title='bbox 1230 1423 1272 1470; x_wconf 64' lang='lat' dir='ltr'><strong>G*</strong></span> <span class='ocrx_word' id='word_1_135' title='bbox 1296 1427 1370 1470; x_wconf 84' lang='lat' dir='ltr'><strong>ob-</strong></span> 
     </span>
     <span class='ocr_line' id='line_1_19' title="bbox 78 1493 1369 1559; baseline 0.002 -19"><span class='ocrx_word' id='word_1_136' title='bbox 78 1496 269 1556; x_wconf 81' lang='lat' dir='ltr'><strong>scoenum</strong></span> <span class='ocrx_word' id='word_1_137' title='bbox 291 1493 332 1542; x_wconf 65' lang='lat' dir='ltr'><strong>G*</strong></span> <span class='ocrx_word' id='word_1_138' title='bbox 355 1513 399 1542; x_wconf 87' lang='lat' dir='ltr'><strong>tu</strong></span> <span class='ocrx_word' id='word_1_139' title='bbox 422 1499 552 1541; x_wconf 75' lang='lat' dir='ltr'><strong>vivere</strong></span> <span class='ocrx_word' id='word_1_140' title='bbox 573 1496 751 1559; x_wconf 82' lang='lat' dir='ltr'><strong>doluisti.</strong></span> <span class='ocrx_word' id='word_1_141' title='bbox 774 1497 862 1540; x_wconf 88' lang='lat' dir='ltr'><strong>Dii</strong></span> <span class='ocrx_word' id='word_1_142' title='bbox 887 1497 1006 1541; x_wconf 81' lang='lat' dir='ltr'><strong>illurn</strong></span> <span class='ocrx_word' id='word_1_143' title='bbox 1027 1498 1369 1543; x_wconf 74' lang='lat' dir='ltr'><strong>eradicaverunt-⁰</strong></span> 
     </span>
     <span class='ocr_line' id='line_1_20' title="bbox 88 1568 1365 1627; baseline 0 -12"><span class='ocrx_word' id='word_1_144' title='bbox 88 1571 177 1615; x_wconf 87' lang='lat' dir='ltr'><strong>Dii</strong></span> <span class='ocrx_word' id='word_1_145' title='bbox 203 1585 238 1614; x_wconf 88' lang='lat' dir='ltr'><strong>te</strong></span> <span class='ocrx_word' id='word_1_146' title='bbox 253 1568 425 1627; x_wconf 56' lang='lat' dir='ltr'><strong>servent.</strong></span> <span class='ocrx_word' id='word_1_147' title='bbox 454 1568 639 1625; x_wconf 80' lang='lat' dir='ltr'><strong>Infamis</strong></span> <span class='ocrx_word' id='word_1_148' title='bbox 669 1571 896 1627; x_wconf 79' lang='lat' dir='ltr'><strong>Imperator</strong></span> <span class='ocrx_word' id='word_1_149' title='bbox 921 1570 994 1614; x_wconf 87' lang='lat' dir='ltr'><strong>rite</strong></span> <span class='ocrx_word' id='word_1_150' title='bbox 1021 1573 1263 1615; x_wconf 86' lang='lat' dir='ltr'><strong>damnatus.</strong></span> <span class='ocrx_word' id='word_1_151' title='bbox 1288 1571 1365 1615; x_wconf 78' lang='lat' dir='ltr'><strong>Fe·</strong></span> 
     </span>
     <span class='ocr_line' id='line_1_21' title="bbox 90 1639 1369 1700; baseline 0.001 -14"><span class='ocrx_word' id='word_1_152' title='bbox 90 1643 187 1686; x_wconf 89' lang='lat' dir='ltr'><strong>lices</strong></span> <span class='ocrx_word' id='word_1_153' title='bbox 214 1657 290 1685; x_wconf 84' lang='lat' dir='ltr'><strong>nos</strong></span> <span class='ocrx_word' id='word_1_154' title='bbox 328 1642 497 1700; x_wconf 88' lang='lat' dir='ltr'><strong>imperio</strong></span> <span class='ocrx_word' id='word_1_155' title='bbox 531 1657 632 1695; x_wconf 72' lang='lat' dir='ltr'><strong>turs,</strong></span> <span class='ocrx_word' id='word_1_156' title='bbox 660 1639 823 1698; x_wconf 79' lang='lat' dir='ltr'><strong>felicem</strong></span> <span class='ocrx_word' id='word_1_157' title='bbox 857 1643 1155 1700; x_wconf 77' lang='lat' dir='ltr'><strong>rempublicam.</strong></span> <span class='ocrx_word' id='word_1_158' title='bbox 1181 1641 1369 1700; x_wconf 79' lang='lat' dir='ltr'><strong>Infamis</strong></span> 
     </span>
     <span class='ocr_line' id='line_1_22' title="bbox 89 1713 1370 1778; baseline 0.002 -21"><span class='ocrx_word' id='word_1_159' title='bbox 89 1730 196 1758; x_wconf 85' lang='lat' dir='ltr'><strong>unco</strong></span> <span class='ocrx_word' id='word_1_160' title='bbox 217 1713 367 1757; x_wconf 70' lang='lat' dir='ltr'><strong>trac‘lus</strong></span> <span class='ocrx_word' id='word_1_161' title='bbox 386 1713 461 1778; x_wconf 81' lang='lat' dir='ltr'><strong>est,</strong></span> <span class='ocrx_word' id='word_1_162' title='bbox 485 1714 544 1757; x_wconf 81' lang='lat' dir='ltr'><strong>ad</strong></span> <span class='ocrx_word' id='word_1_163' title='bbox 562 1717 791 1772; x_wconf 85' lang='lat' dir='ltr'><strong>exemplum</strong></span> <span class='ocrx_word' id='word_1_164' title='bbox 815 1716 1001 1759; x_wconf 83' lang='lat' dir='ltr'><strong>timoris:</strong></span> <span class='ocrx_word' id='word_1_165' title='bbox 1018 1715 1253 1774; x_wconf 66' lang='lat' dir='ltr'><strong>luxuriosus</strong></span> <span class='ocrx_word' id='word_1_166' title='bbox 1278 1717 1370 1759; x_wconf 90' lang='lat' dir='ltr'><strong>Irn-</strong></span> 
     </span>
     <span class='ocr_line' id='line_1_23' title="bbox 86 1785 1370 1851; baseline 0.001 -20"><span class='ocrx_word' id='word_1_167' title='bbox 86 1803 251 1847; x_wconf 76' lang='lat' dir='ltr'><strong>perator</strong></span> <span class='ocrx_word' id='word_1_168' title='bbox 274 1785 367 1841; x_wconf 80' lang='lat' dir='ltr'><strong>jure</strong></span> <span class='ocrx_word' id='word_1_169' title='bbox 396 1788 571 1846; x_wconf 69' lang='lat' dir='ltr'><strong>plenitus</strong></span> <span class='ocrx_word' id='word_1_170' title='bbox 599 1786 659 1851; x_wconf 78' lang='lat' dir='ltr'><strong>est.</strong></span> <span class='ocrx_word' id='word_1_171' title='bbox 699 1789 1018 1833; x_wconf 82' lang='lat' dir='ltr'><strong>Contaminator</strong></span> <span class='ocrx_word' id='word_1_172' title='bbox 1047 1789 1247 1833; x_wconf 74' lang='lat' dir='ltr'><strong>honorum</strong></span> <span class='ocrx_word' id='word_1_173' title='bbox 1276 1788 1370 1843; x_wconf 86' lang='lat' dir='ltr'><strong>jure</strong></span> 
     </span>
     <span class='ocr_line' id='line_1_24' title="bbox 85 1861 1370 1927; baseline 0.003 -22"><span class='ocrx_word' id='word_1_174' title='bbox 85 1862 261 1921; x_wconf 83' lang='lat' dir='ltr'><strong>punitus</strong></span> <span class='ocrx_word' id='word_1_175' title='bbox 285 1861 348 1927; x_wconf 75' lang='lat' dir='ltr'><strong>est.</strong></span> <span class='ocrx_word' id='word_1_176' title='bbox 373 1861 461 1905; x_wconf 89' lang='lat' dir='ltr'><strong>Dii</strong></span> <span class='ocrx_word' id='word_1_177' title='bbox 480 1863 732 1906; x_wconf 86' lang='lat' dir='ltr'><strong>immortales</strong></span> <span class='ocrx_word' id='word_1_178' title='bbox 755 1865 1011 1908; x_wconf 85' lang='lat' dir='ltr'><strong>Alexandro</strong></span> <span class='ocrx_word' id='word_1_179' title='bbox 1031 1865 1190 1909; x_wconf 75' lang='lat' dir='ltr'><strong>vitam:</strong></span> <span class='ocrx_word' id='word_1_180' title='bbox 1201 1863 1370 1919; x_wconf 81' lang='lat' dir='ltr'><strong>judicia</strong></span> 
     </span>
     <span class='ocr_line' id='line_1_25' title="bbox 91 1936 646 1996; baseline 0.002 -16"><span class='ocrx_word' id='word_1_181' title='bbox 91 1937 282 1980; x_wconf 85' lang='lat' dir='ltr'><strong>Deorum</strong></span> <span class='ocrx_word' id='word_1_182' title='bbox 310 1936 406 1979; x_wconf 77' lang='lat' dir='ltr'><strong>hinc</strong></span> <span class='ocrx_word' id='word_1_183' title='bbox 432 1950 646 1996; x_wconf 74' lang='lat' dir='ltr'><strong>apparent.</strong></span> 
     </span>
    </p>

    <p class='ocr_par' dir='ltr' id='par_1_4' title="bbox 82 2007 1373 2514">
     <span class='ocr_line' id='line_1_26' title="bbox 157 2007 1371 2070; baseline 0.001 -17"><span class='ocrx_word' id='word_1_184' title='bbox 157 2009 254 2053; x_wconf 90' lang='lat' dir='ltr'><strong>VII.</strong></span> <span class='ocrx_word' id='word_1_185' title='bbox 282 2008 337 2053; x_wconf 85' lang='lat' dir='ltr'><strong>Et</strong></span> <span class='ocrx_word' id='word_1_186' title='bbox 360 2023 460 2054; x_wconf 89' lang='lat' dir='ltr'><strong>cum</strong></span> <span class='ocrx_word' id='word_1_187' title='bbox 487 2007 638 2070; x_wconf 83' lang='lat' dir='ltr'><strong>egiffet</strong></span> <span class='ocrx_word' id='word_1_188' title='bbox 666 2007 823 2070; x_wconf 82' lang='lat' dir='ltr'><strong>gratias</strong></span> <span class='ocrx_word' id='word_1_189' title='bbox 846 2007 1124 2064; x_wconf 82' lang='lat' dir='ltr'><strong>Alexander,</strong></span> <span class='ocrx_word' id='word_1_190' title='bbox 1148 2007 1371 2056; x_wconf 84' lang='lat' dir='ltr'><strong>acclama-</strong></span> 
     </span>
     <span class='ocr_line' id='line_1_27' title="bbox 91 2079 1371 2141; baseline 0 -16"><span class='ocrx_word' id='word_1_191' title='bbox 91 2091 186 2125; x_wconf 82' lang='lat' dir='ltr'><strong>tum</strong></span> <span class='ocrx_word' id='word_1_192' title='bbox 219 2079 306 2125; x_wconf 84' lang='lat' dir='ltr'><strong>est:</strong></span> <span class='ocrx_word' id='word_1_193' title='bbox 339 2082 560 2125; x_wconf 82' lang='lat' dir='ltr'><strong>Antonine</strong></span> <span class='ocrx_word' id='word_1_194' title='bbox 584 2083 858 2137; x_wconf 77' lang='lat' dir='ltr'><strong>Alexander,</strong></span> <span class='ocrx_word' id='word_1_195' title='bbox 886 2083 974 2126; x_wconf 79' lang='lat' dir='ltr'><strong>Dii</strong></span> <span class='ocrx_word' id='word_1_196' title='bbox 1002 2097 1038 2126; x_wconf 87' lang='lat' dir='ltr'><strong>te</strong></span> <span class='ocrx_word' id='word_1_197' title='bbox 1055 2082 1232 2141; x_wconf 71' lang='lat' dir='ltr'><strong>servent.</strong></span> <span class='ocrx_word' id='word_1_198' title='bbox 1267 2086 1371 2126; x_wconf 85' lang='lat' dir='ltr'><strong>An-</strong></span> 
     </span>
     <span class='ocr_line' id='line_1_28' title="bbox 91 2154 1370 2211; baseline 0.001 -14"><span class='ocrx_word' id='word_1_199' title='bbox 91 2156 233 2198; x_wconf 77' lang='lat' dir='ltr'><strong>tonine</strong></span> <span class='ocrx_word' id='word_1_200' title='bbox 256 2155 434 2210; x_wconf 81' lang='lat' dir='ltr'><strong>Aureli,</strong></span> <span class='ocrx_word' id='word_1_201' title='bbox 456 2154 543 2198; x_wconf 90' lang='lat' dir='ltr'><strong>Dii</strong></span> <span class='ocrx_word' id='word_1_202' title='bbox 567 2168 602 2198; x_wconf 86' lang='lat' dir='ltr'><strong>te</strong></span> <span class='ocrx_word' id='word_1_203' title='bbox 630 2154 800 2211; x_wconf 81' lang='lat' dir='ltr'><strong>fervent.</strong></span> <span class='ocrx_word' id='word_1_204' title='bbox 837 2154 1055 2200; x_wconf 77' lang='lat' dir='ltr'><strong>Antonine</strong></span> <span class='ocrx_word' id='word_1_205' title='bbox 1086 2155 1190 2210; x_wconf 87' lang='lat' dir='ltr'><strong>Pie,</strong></span> <span class='ocrx_word' id='word_1_206' title='bbox 1222 2155 1310 2198; x_wconf 77' lang='lat' dir='ltr'><strong>Dii</strong></span> <span class='ocrx_word' id='word_1_207' title='bbox 1333 2167 1370 2198; x_wconf 81' lang='lat' dir='ltr'><strong>te</strong></span> 
     </span>
     <span class='ocr_line' id='line_1_29' title="bbox 82 2227 1370 2291; baseline 0.002 -22"><span class='ocrx_word' id='word_1_208' title='bbox 82 2227 262 2287; x_wconf 71' lang='lat' dir='ltr'><strong>servent.</strong></span> <span class='ocrx_word' id='word_1_209' title='bbox 281 2229 500 2271; x_wconf 83' lang='lat' dir='ltr'><strong>Antonini</strong></span> <span class='ocrx_word' id='word_1_210' title='bbox 517 2245 665 2272; x_wconf 84' lang='lat' dir='ltr'><strong>nomen</strong></span> <span class='ocrx_word' id='word_1_211' title='bbox 675 2228 884 2288; x_wconf 84' lang='lat' dir='ltr'><strong>suscipias</strong></span> <span class='ocrx_word' id='word_1_212' title='bbox 905 2245 1110 2289; x_wconf 80' lang='lat' dir='ltr'><strong>rogamus.</strong></span> <span class='ocrx_word' id='word_1_213' title='bbox 1130 2227 1281 2291; x_wconf 71' lang='lat' dir='ltr'><strong>Praesta</strong></span> <span class='ocrx_word' id='word_1_214' title='bbox 1302 2229 1370 2272; x_wconf 86' lang='lat' dir='ltr'><strong>bo-</strong></span> 
     </span>
     <span class='ocr_line' id='line_1_30' title="bbox 93 2303 1370 2362; baseline 0.001 -17"><span class='ocrx_word' id='word_1_215' title='bbox 93 2304 161 2346; x_wconf 84' lang='lat' dir='ltr'><strong>nis</strong></span> <span class='ocrx_word' id='word_1_216' title='bbox 189 2303 529 2362; x_wconf 70' lang='lat' dir='ltr'><strong>Imperatoribm,</strong></span> <span class='ocrx_word' id='word_1_217' title='bbox 558 2318 604 2347; x_wconf 89' lang='lat' dir='ltr'><strong>ut</strong></span> <span class='ocrx_word' id='word_1_218' title='bbox 629 2304 880 2349; x_wconf 87' lang='lat' dir='ltr'><strong>Antoninus</strong></span> <span class='ocrx_word' id='word_1_219' title='bbox 903 2306 1070 2349; x_wconf 80' lang='lat' dir='ltr'><strong>dicaris.</strong></span> <span class='ocrx_word' id='word_1_220' title='bbox 1085 2305 1249 2348; x_wconf 84' lang='lat' dir='ltr'><strong>Nomen</strong></span> <span class='ocrx_word' id='word_1_221' title='bbox 1269 2309 1370 2347; x_wconf 79' lang='lat' dir='ltr'><strong>An-</strong></span> 
     </span>
     <span class='ocr_line' id='line_1_31' title="bbox 93 2374 1370 2437; baseline 0.001 -20"><span class='ocrx_word' id='word_1_222' title='bbox 93 2374 328 2418; x_wconf 84' lang='lat' dir='ltr'><strong>toninorum</strong></span> <span class='ocrx_word' id='word_1_223' title='bbox 355 2388 401 2418; x_wconf 89' lang='lat' dir='ltr'><strong>tu</strong></span> <span class='ocrx_word' id='word_1_224' title='bbox 423 2374 616 2434; x_wconf 80' lang='lat' dir='ltr'><strong>purifica.</strong></span> <span class='ocrx_word' id='word_1_225' title='bbox 647 2377 776 2437; x_wconf 83' lang='lat' dir='ltr'><strong>Quod</strong></span> <span class='ocrx_word' id='word_1_226' title='bbox 798 2379 867 2421; x_wconf 90' lang='lat' dir='ltr'><strong>ille</strong></span> <span class='ocrx_word' id='word_1_227' title='bbox 894 2375 1149 2434; x_wconf 83' lang='lat' dir='ltr'><strong>infamavit,</strong></span> <span class='ocrx_word' id='word_1_228' title='bbox 1178 2391 1222 2421; x_wconf 84' lang='lat' dir='ltr'><strong>tu</strong></span> <span class='ocrx_word' id='word_1_229' title='bbox 1245 2375 1370 2435; x_wconf 84' lang='lat' dir='ltr'><strong>puri-</strong></span> 
     </span>
     <span class='ocr_line' id='line_1_32' title="bbox 88 2446 1373 2514; baseline 0.002 -23"><span class='ocrx_word' id='word_1_230' title='bbox 88 2446 188 2504; x_wconf 82' lang='lat' dir='ltr'><strong>fica.</strong></span> <span class='ocrx_word' id='word_1_231' title='bbox 214 2448 352 2493; x_wconf 72' lang='lat' dir='ltr'><strong>Redde</strong></span> <span class='ocrx_word' id='word_1_232' title='bbox 380 2448 426 2493; x_wconf 85' lang='lat' dir='ltr'><strong>in</strong></span> <span class='ocrx_word' id='word_1_233' title='bbox 450 2449 646 2514; x_wconf 76' lang='lat' dir='ltr'><strong>integrum</strong></span> <span class='ocrx_word' id='word_1_234' title='bbox 668 2467 817 2495; x_wconf 83' lang='lat' dir='ltr'><strong>nomen</strong></span> <span class='ocrx_word' id='word_1_235' title='bbox 837 2451 1168 2496; x_wconf 73' lang='lat' dir='ltr'><strong>Antoninorum,</strong></span> <span class='ocrx_word' id='word_1_236' title='bbox 1188 2451 1373 2510; x_wconf 77' lang='lat' dir='ltr'><strong>Sanguis</strong></span> 
     </span>
    </p>
   </div>
   <div class='ocr_carea' id='block_1_3' title="bbox 1020 2522 1122 2585">
    <p class='ocr_par' dir='ltr' id='par_1_5' title="bbox 1020 2522 1122 2585">
     <span class='ocr_line' id='line_1_33' title="bbox 1020 2522 1122 2585; baseline 0 0"><span class='ocrx_word' id='word_1_237' title='bbox 1020 2522 1122 2585; x_wconf 65' lang='lat' dir='ltr'><strong>Rs</strong></span> 
     </span>
    </p>
   </div>
  </div>
 </body>
</html>
