1637 2785
263 80 1139 166 TR1G1NTATYRANN1.
1244 129 1353 189 ”129

71 241 174 275 rens
192 239 482 289 purpuratos,
506 226 773 289 eosdemque
792 228 1008 282 adhibens
1030 228 1357 287 concio-nibus,

70 317 183 363 quas
216 300 289 346 illa
331 299 520 346 viriliter
549 298 881 362 freqiientavi13
915 302 1174 357 Didonem,
1205 305 1252 350 &
1283 304 1362 349 Se-

72 371 380 428 miramide-m,
406 372 456 419 ὃ(
481 370 770 433 Cleopatram
796 372 855 418 sui
880 374 1053 436 generis
1080 375 1360 439 Principem,

71 441 190 490 inter
215 457 357 490 cetera
393 443 652 504 praedicans.
684 443 767 489 Sed
796 444 850 490 de
881 461 1036 491 eorum
1062 449 1184 494 exitu
1216 448 1372 496 incer--

72 529 168 562 tum
188 515 261 563 est.
292 515 420 561 multi
452 515 569 561 enirn
604 516 790 573 dicunt,
810 532 889 563 eos
921 519 977 563 ab
1006 519 1250 566 Aureliano
1292 520 1363 566 in-

74 599 317 643 teremtos,
346 587 475 633 multi
513 600 658 634 morte
701 588 771 634 sua
801 588 884 635 esse
910 592 1196 637 consumtos:
1229 591 1366 654 siqui-

75 662 176 707 dem
206 660 420 707 Zenobiae
448 660 614 723 posteri
644 661 778 709 etiarn
807 678 927 709 nunc
951 663 1110 710 Romae
1132 662 1248 711 inter
1275 681 1365 711 no—

77 734 191 782 biles
226 747 424 782 manent.

111 881 1322 956 xxvu.DET1M0LAQ

81 1039 438 1126 XXV111.DE
482 1078 571 1125 hoc
613 1093 662 1123 ea
712 1091 917 1140 putamus
951 1079 1082 1143 digna
1119 1082 1333 1128 memoria
1356 1116 1371 1141 ¹

85 1169 187 1216 quae
217 1148 271 1198 de
305 1151 439 1197 fratre
468 1147 570 1196 suni
593 1151 715 1198 diaa.
751 1155 901 1198 Unum
941 1165 1089 1199 tamen
1125 1153 1215 1212 est,
1243 1155 1373 1217 quod

83 1240 186 1271 eum
210 1240 232 1269 a
253 1222 384 1269 fratre
412 1220 606 1284 separat,
631 1224 756 1285 quod
779 1225 887 1270 tanti
907 1222 993 1271 fuit
1016 1225 1189 1273 ardoris
1214 1228 1269 1273 ad
1288 1227 1376 1273 ssu-

81 1296 157 1344 'dia
181 1296 384 1343 Romana
403 1331 417 1354 ‚
443 1307 491 1342 ut
515 1295 644 1342 brevi
673 1296 965 1354 consecutus,
986 1314 1086 1360 quae
1114 1298 1375 1346 insinuave-

83 1382 155 1417 rat
181 1369 516 1432 grammaticus,
538 1369 623 1415 effe
656 1370 851 1419 dicatur:
883 1371 1071 1434 potuisse
1096 1372 1205 1436 quin
1239 1373 1373 1421 etiam

86 1441 306 1490 summurn
330 1441 596 1490 Latinorum
612 1443 837 1489 rhetorem
869 1443 1027 1491 facere.
1188 1441 1191 1443 ’

140 1545 1274 1652 'XXV1H.DECELSQ

88 1772 272 1822 XXIX.
296 1731 644 1818 Occium-ms
678 1770 876 1833 partibus
910 1770 1176 1832 Gallicanis,
1212 1773 1378 1822 Oriene

95 1846 255 1893 talibus
271 1879 283 1900 ‚
313 1843 421 1905 quin
442 1844 571 1890 etiam
601 1845 765 1903 Ponti,
785 1844 1076 1891 Thraciarum
1107 1848 1157 1893 &
1180 1846 1381 1912 illyrici,

97 1920 202 1966 dum
229 1919 463 1966 Gallienus
491 1918 734 1981 popinatur
752 1954 764 1976 ,
795 1919 843 1966 &
874 1918 1041 1965 balneis
1066 1935 1116 1966 ac
1140 1920 1382 1972 lenonibus

95 1993 279 2052 deputat
302 1990 462 2048 vitam,
487 1990 586 2037 Afri
609 2007 792 2054 quoque
807 2027 819 2046 ‚
845 1992 1027 2038 auelore
1058 1993 1197 2041 Vibio
1218 1996 1381 2043 Paffie-

100 2083 165 2112 no
180 2101 193 2121 ,
211 2064 485 2112 proconsule
505 2063 670 2112 Africae
684 2100 698 2122 ‚
717 2067 764 2112 &
787 2065 920 2110 Fabio
942 2066 1261 2127 Pomponiano
1276 2106 1288 2123 ‚
1303 2071 1381 2115 du-

102 2155 154 2186 ce
180 2137 333 2184 limitis
361 2137 547 2200 Libyci,
580 2137 757 2184 Celsum
790 2139 1107 2199 Imperatorem
1133 2140 1384 2201 appellave-

104 2224 233 2265 runt,
256 2211 391 2272 peplo
420 2212 532 2256 Deae
559 2210 768 2257 Coelestis
790 2224 1014 2257 ornatume
1039 2211 1148 2266 Hic,
1178 2211 1382 2271 privatus

105 2299 161 2330 ex
187 2283 426 2341 Tribunis,
448 2283 493 2329 in
525 2283 675 2330 Africa
702 2283 868 2346 positus
885 2319 898 2341 ‚
926 2283 970 2330 in
994 2283 1108 2346 agris
1137 2283 1220 2330 suis
1254 2285 1384 2334 vive·

106 2353 212 2407 bat;
243 2352 313 2398 sed
345 2370 394 2398 ea
422 2352 609 2412 justitia,
640 2353 689 2400 &
729 2352 938 2414 corporis
969 2350 1305 2414 magnitudine,
1338 2366 1387 2402 ut

107 2425 270 2488 dignus
294 2425 519 2471 videretur
542 2424 750 2486 imperio.
773 2427 926 2486 Quare
951 2438 1120 2474 creatus,
1147 2441 1224 2487 per
1248 2443 1388 2492 quan·-

175 2500 344 2560 Scripn.
374 2500 436 2548 H.
471 2502 533 2547 A.
574 2501 671 2548 Vol.
698 2499 761 2546 Il.
1114 2500 1131 2543 l.

1105 2560 1144 2576 l
