1714 2807
338 173 431 234 136
561 174 949 224 TREBELLII
1004 180 1403 229 POLLIONIS

336 293 436 323 nem
463 278 689 337 nobilem,
715 281 785 327 sed
812 281 887 345 qui
922 300 1012 330 non
1040 296 1126 331 tarn
1153 286 1306 342 bono,
1328 303 1462 350 quam
1489 286 1610 336 malo

334 348 593 412 reipublicae
615 388 628 408 ,
662 352 826 415 septem
852 354 1005 403 diebus
1034 355 1198 404 dicitur
1229 357 1475 421 imperafl'e.

512 506 646 564 DE
714 508 1432 572 CENSORINO.

338 713 549 762 XXXIII.
596 676 1001 775 CENSORlNUs‚
1040 718 1112 765 vir
1153 719 1284 781 plane
1327 719 1528 767 militaris
1564 723 1615 770 δε

336 789 532 851 antiquae
551 790 597 836 in
620 792 738 837 curia
767 792 1022 852 dignitatis,
1049 792 1115 839 bis
1135 793 1336 850 Consul,
1359 793 1424 840 bis
1451 793 1616 840 Praefe-

339 862 432 907 &us
460 864 659 923 praetorii
680 901 692 921 ‚
721 879 787 912 ter
811 866 1042 913 PraefeClus
1071 868 1215 923 urbis,
1238 880 1396 930 quarto
1419 869 1620 916 Procon-

339 932 434 989 sul,
461 935 594 983 tertio
622 937 889 995 consularis,
909 941 1096 1002 Legatus
1121 941 1356 1001 praetorius
1388 939 1583 987 secundo
1603 974 1619 997 ‚

337 1007 544 1055 aedilitius
574 1023 735 1071 quarto
753 1047 766 1070 ‚
794 1013 1059 1074 quaestorius
1086 1015 1219 1060 tertio
1237 1050 1249 1072 ,
1269 1027 1391 1061 extra
1414 1015 1619 1062 ordinem

340 1096 525 1145 quoque
549 1082 774 1147 legatione
796 1086 961 1134 Persica
981 1086 1182 1145 funestus,
1203 1087 1334 1133 etiam
1364 1087 1622 1135 Sarmatica.

339 1153 443 1200 Post
470 1171 630 1212 omnes
653 1170 801 1206 tamen
825 1161 1025 1208 honores
1049 1178 1149 1208 cum
1180 1162 1223 1206 in
1247 1177 1355 1224 agro
1385 1160 1463 1207 suo
1489 1161 1623 1223 dege-

339 1241 408 1273 ret
439 1227 604 1286 senex,
641 1246 774 1294 atque
812 1251 908 1280 uno
951 1236 1060 1296 pede
1100 1235 1352 1282 claudicans
1397 1235 1583 1280 vulnere
1610 1267 1625 1292 ‚

340 1301 468 1362 quod
507 1302 628 1348 bello
660 1304 868 1363 Perfic0‚
899 1307 1126 1353 Valeriani
1157 1308 1465 1369 temporibus,
1497 1323 1624 1354 acce-

342 1387 499 1434 perat,
540 1375 675 1423 fafihls
713 1377 774 1423 est
818 1382 1063 1441 Imperator
1089 1416 1104 1437 ‚
1142 1381 1191 1427 &
1228 1378 1473 1427 scurrarum
1512 1379 1623 1439 joco

343 1449 559 1496 Claudius
582 1452 824 1513 appellatus
856 1454 931 1500 est.
955 1455 1162 1516 Cumque
1192 1454 1231 1501 se
1259 1455 1511 1517 graviffime
1545 1471 1624 1516 ge-

344 1535 486 1580 teret,
518 1540 662 1587 neque
691 1541 713 1570 a
744 1525 957 1572 militibus
984 1527 1044 1573 ob
1069 1527 1343 1589 disciplinam
1375 1526 1623 1573 censoriam

343 1595 451 1642 ferri
481 1597 622 1659 poss'et
637 1633 650 1655 ,
674 1598 728 1644 ab
753 1599 821 1645 his
843 1599 967 1661 ipfis,
988 1617 1011 1646 a
1037 1600 1197 1662 quibus
1218 1599 1352 1645 faetus
1371 1598 1538 1655 fuerat,
1558 1598 1627 1644 in-

342 1681 556 1717 teremtus
585 1669 659 1718 est.
687 1672 837 1717 Exstat
866 1671 960 1731 ejus
984 1672 1262 1734 sepulcrum,
1293 1672 1337 1718 in
1373 1688 1465 1735 quo
1496 1688 1628 1736 gran-

341 1740 475 1787 dibus
513 1743 651 1789 literis
698 1744 816 1791 circa
859 1745 1111 1792 Bononiam
1159 1745 1282 1791 incifi
1329 1743 1430 1792 sunt
1467 1758 1627 1790 omnes

343 1812 439 1872 ejus
469 1815 665 1863 bonores
687 1854 700 1874 ,
730 1817 892 1864 ultimo
928 1831 1074 1864 tamen
1107 1818 1236 1864 versu
1263 1817 1513 1878 adscripto,
1544 1829 1626 1862 FE-

346 1899 434 1933 ux
465 1901 533 1935 AD
556 1903 734 1937 οΜΝῐΑ
751 1927 763 1947 ,
786 1904 1181 1938 lNFELtclsslMus
1203 1902 1517 1937 IMPERATOR.
1538 1890 1626 1933 Ex-

348 1959 428 2007 stat
446 1960 538 2019 ejus
561 1961 1102 2020 familia‚Censorin0rum
1118 1962 1301 2009 nomine
1323 1961 1626 2024 frequentata:

350 2031 477 2091 cujus
504 2049 599 2093 pars
620 2034 834 2082 Thracias
848 2071 861 2092 ,
877 2035 988 2081 odio
1006 2050 1154 2080 rerum
1174 2033 1502 2088 Romanarum,
1526 2046 1627 2092 pars

351 2106 610 2170 Bithyniam
633 2107 771 2167 petiit.
796 2109 927 2153 exstat
958 2108 1088 2154 etiam
1117 2107 1277 2152 domus
1301 2102 1626 2166 pulcherrirna,

351 2176 552 2235 adjunfila
577 2179 778 2240 gentibus
809 2178 996 2233 Flaviis,
1020 2195 1118 2239 quae
1137 2177 1364 2239 quondam
1383 2175 1476 2224 Titi
1499 2176 1628 2222 Prin-

351 2247 463 2309 cipis
495 2247 621 2294 fuiss'e
654 2250 924 2310 perhibetur.
958 2249 1103 2295 Habes
1140 2249 1362 2312 integrum
1392 2263 1627 2293 numerum

351 2320 532 2384 triginta
561 2335 890 2385 tyrannorum,
915 2322 991 2384 qui
1024 2339 1124 2370 cum
1153 2320 1390 2368 malevolis
1417 2320 1626 2383 quidem,

351 2394 423 2441 sed
455 2395 582 2441 bono
609 2396 789 2453 animo,
809 2395 1070 2444 causabaris.
1097 2397 1168 2442 Da
1187 2411 1305 2442 nunc
1333 2393 1478 2441 cuivis
1501 2392 1626 2438 libel-

353 2465 471 2524 lum,
493 2483 587 2515 non
615 2481 703 2518 tam
729 2467 886 2517 diserte
901 2504 914 2530 ,
930 2485 1061 2534 quam
1081 2467 1269 2517 fideliter
1297 2466 1522 2531 scriptum.
1541 2480 1625 2519 neg
