1714 2807
327 157 421 203 ‘268
542 154 1409 207 'AEthLAMPRIDtt

324 262 528 309 nituntur
553 263 882 326 praerogativis‚
914 265 1140 328 purgavit,
1166 267 1214 313 δι
1241 267 1452 313 Palatium
1477 266 1601 315 suum

322 334 680 396 comitatumque
707 351 916 391 omnem,
937 334 1112 393 abjectis
1139 353 1194 382 ex
1228 337 1376 384 aulico
1405 338 1603 386 ministe-

323 406 396 451 rio
425 406 594 453 cunctis
613 406 839 453 obscoenis
859 410 906 454 &
935 407 1205 456 infamibus:
1227 426 1308 456 nec
1336 427 1602 472 quemquam

323 476 468 537 passus
493 477 553 522 est
585 477 667 523 effe
695 478 740 523 in
759 478 964 524 Palatinis
982 513 994 535 ,
1015 478 1094 524 nisi
1128 480 1414 527 necessarium
1450 482 1602 528 homi-

324 565 443 596 nem.
471 548 765 609 Jurejurando
793 549 949 595 deinde
981 550 1021 595 se
1053 551 1342 607 constrinxit,
1379 568 1434 598 ne
1467 568 1603 613 quem

324 621 590 683 adscriptum
608 658 621 676 ‚
653 623 696 667 id
726 621 788 668 est
819 621 1105 678 vacantium,
1133 623 1313 668 haberet
1332 659 1344 679 ‚
1380 640 1436 670 ne
1460 640 1605 670 anno-

323 693 394 741 nis
423 695 745 756 rempublicam
777 710 1013 756 gravaret;
1049 696 1225 753 dicens,
1257 698 1420 743 malum
1456 699 1605 760 pupil-

325 768 416 812 lum
452 767 534 813 effe
567 771 912 828 Imperatorem,
941 769 1017 830 qui
1048 785 1103 814 ex
1140 768 1383 816 visceribus
1409 770 1604 832 provin-

324 840 502 886 cialium
548 840 752 886 homines
787 857 880 887 non
913 841 1201 896 necessarios,
1233 858 1313 889 nec
1344 841 1604 904 reipublicae

324 912 455 957 utiles
485 911 693 972 pasceret.
728 915 859 957 Fures
899 910 1096 972 judicare
1127 911 1240 971 juffit
1264 912 1309 958 in
1347 912 1604 960 civitatibus

323 985 424 1030 ullis
456 1000 683 1046 nunquam
722 984 892 1030 videri:
925 986 974 1032 δι
1002 984 1031 1030 fi
1069 985 1206 1032 essent
1246 985 1353 1043 visi,
1379 984 1494 1043 juffit
1523 986 1603 1032 de·

324 1056 493 1117 portari
524 1072 601 1115 per
631 1056 822 1102 rectores
852 1056 1206 1118 provinciarum.
1239 1059 1479 1103 Annonam
1519 1056 1604 1103 mi-

323 1128 450 1173 litum
467 1127 700 1189 diligenter
716 1127 923 1189 inspexit.
945 1128 1174 1175 Tribunos
1191 1164 1205 1186 ,
1220 1128 1299 1191 qui
1320 1145 1396 1191 per
1413 1128 1605 1175 stellatu-

323 1217 393 1246 ras
423 1200 638 1248 militibus
668 1200 836 1263 aliquid
866 1201 1087 1258 tuliffent,
1122 1201 1298 1263 capitali
1334 1218 1466 1263 poena
1495 1201 1603 1248 affe-

322 1276 401 1322 cir.
434 1275 626 1338 Negotia
662 1277 709 1321 &
741 1274 888 1320 causas
919 1274 1039 1336 prius
1069 1293 1092 1320 a
1132 1275 1395 1322 scriniorum
1432 1275 1603 1322 Princi-

323 1347 480 1408 pibus,
518 1348 567 1393 &
595 1346 851 1392 doffiffimis
885 1347 1142 1409 jurisperitis
1180 1350 1227 1396 δι
1259 1349 1338 1394 sibi
1372 1346 1605 1406 fidelibus,

323 1435 516 1480 quorum
551 1418 718 1480 primus
748 1431 855 1465 tunc
887 1420 1106 1482 Ulpianus
1143 1419 1252 1477 fuit,
1276 1421 1446 1467 tractari
1476 1421 1604 1467 ordi-

325 1491 510 1555 narique
530 1528 543 1550 ,
563 1505 693 1555 atque
712 1492 772 1539 ita
794 1492 947 1538 referri
968 1493 1022 1539 ad
1042 1493 1082 1539 se
1102 1494 1327 1555 praecepit.

387 1567 511 1612 XVI.
535 1568 669 1628 Leges
693 1565 746 1611 de
771 1563 866 1623 jure
891 1566 1046 1627 populi
1080 1568 1127 1613 δι
1151 1565 1244 1612 fisci
1273 1566 1521 1614 moderatas
1554 1568 1603 1616 &

324 1635 517 1683 infinitas
540 1636 701 1683 sanxit:
732 1653 876 1699 neque
905 1637 1038 1684 ullam
1067 1637 1435 1685 constitutionem
1463 1638 1603 1684 sacra-

324 1709 394 1756 vit
414 1710 502 1755 fine
523 1709 681 1774 viginti
699 1708 987 1772 jurisperitis,
1007 1713 1054 1757 &
1077 1711 1331 1758 docliffimis
1353 1728 1402 1759 ac
1428 1711 1603 1773 sapien-

324 1782 442 1828 tibus
458 1781 583 1838 viris,
604 1781 845 1844 iisdemque
870 1782 1150 1830 disertissimis
1165 1817 1176 1838 ,
1197 1799 1288 1830 non
1308 1784 1452 1830 minus
1475 1784 1604 1847 quin-

325 1855 558 1918 quaginta:
589 1869 640 1902 ut
666 1873 759 1902 non
789 1856 935 1902 minus
964 1856 1008 1902 in
1039 1856 1230 1904 consilio
1261 1857 1396 1904 effent
1427 1857 1602 1903 senten·

322 1930 572 1991 tiae,quam
594 1929 1019 1977 senatusconsultum
1042 1928 1341 1976 conficerent:
1365 1929 1476 1976 &id
1495 1928 1600 1992 qui-

323 2003 424 2046 dem
459 2000 546 2058 ita,
578 2014 625 2047 ut
658 2002 794 2047 iretur
834 2019 911 2062 per
951 2002 1183 2049 sententias
1217 2002 1518 2066 singulorum,
1548 2019 1601 2050 ac

322 2074 612 2131 scriberetur,
635 2074 743 2138 quid
768 2074 952 2137 quisque
985 2075 1182 2127 dixisset,
1207 2076 1311 2122 dato
1337 2090 1480 2122 tamen
1505 2075 1600 2138 spa·

324 2150 391 2193 tio
412 2148 465 2194 ad
487 2147 816 2210 disquirendum
834 2147 1213 2211 cogitandumque
1228 2184 1240 2206 ‚
1256 2148 1506 2211 priusquam
1526 2149 1599 2194 di-

324 2233 500 2278 cerent,
522 2237 576 2267 ne
597 2220 832 2283 incogitati
853 2221 998 2267 dicere
1021 2234 1287 2284 cogerentur
1310 2222 1362 2268 de
1381 2222 1509 2269 rebus
1529 2221 1600 2267 in-

321 2293 539 2356 gentibus.
567 2293 664 2340 Fuit
685 2307 895 2356 praeterea
921 2294 984 2339 illi
1005 2295 1308 2352 consuetudo,
1333 2308 1381 2342 ut
1402 2296 1430 2340 si
1451 2296 1504 2340 de
1525 2293 1597 2353 ju·

322 2382 398 2424 re,
421 2380 495 2412 aut
521 2367 574 2413 de
602 2367 793 2430 negotiis
813 2368 1040 2423 tractaret,
1066 2367 1186 2415 solos
1210 2370 1367 2415 doctos
1386 2369 1433 2414 &
1458 2366 1596 2412 diser-

319 2452 393 2487 tos
418 2439 667 2498 adhiberet3
689 2440 719 2487 fi
745 2457 857 2489 vero
886 2441 938 2487 de
966 2457 1012 2489 re
1042 2440 1250 2501 militari,
1277 2440 1437 2488 milites
1464 2450 1590 2486 vete·
