1714 2807
327 146 414 208 278
533 147 760 193 AELll
829 147 1401 195 LAMPRIDH

323 254 635 298 Romanorum
665 269 794 315 genre
826 254 1022 312 trahere,
1044 254 1147 317 quia
1174 271 1274 302 eum
1300 255 1491 317 pudebat
1513 258 1600 320 Sy·'

326 342 425 372 rum
459 325 573 373 dici:
599 325 790 373 maxime
808 362 822 383 ,
843 328 966 389 quod
991 329 1190 391 quodam
1221 341 1424 389 ternpore
1455 329 1566 376 festo
1586 363 1602 387 ‚

329 409 379 444 ut
413 396 588 456 solent,
623 396 970 455 Antiochenses,
1005 398 1209 461 AEgyptii
1229 433 1243 456 ‚
1276 398 1602 454 Alexandrini,

330 468 633 516 lacessiverant
657 485 758 516 eum
786 470 1082 527 conviciolis,
1107 475 1264 531 Syrum
1277 472 1603 534 Archisynago-

325 562 423 607 gum
455 560 553 589 eum
587 558 826 600 vocantes,
858 546 906 591 &
936 547 1172 591 Archierea.

396 616 571 662 XXIX.
598 618 847 677 Antequam
873 616 924 662 de
944 616 1068 662 bellis
1094 614 1213 675 ejus,
1231 617 1279 663 &
1303 615 1604 678 expeditioni·

332 687 438 743 bus,
458 690 505 734 &
527 684 936 750 vi&oriis'loquar,
966 689 1019 734 de
1045 689 1134 736 vita
1161 688 1419 751 quotidiana
1443 691 1490 737 &
1515 689 1606 735 do-

333 761 511 808 mestica
554 778 692 822 pauca
730 761 939 807 differam.
978 761 1093 808 Usus
1129 761 1317 808 vivendi
1354 761 1493 806 eidem
1533 763 1607 808 hic

338 832 420 881 fuit
437 831 652 894 :primum
674 844 749 890 ut,
769 832 797 878 fi
819 832 1000 880 facultas
1025 831 1155 888 ess'et,
1173 831 1218 877 id
1236 832 1313 888 est,
1334 831 1362 877 fi
1389 849 1480 877 non
1504 849 1608 880 cum

337 920 481 950 uxore
512 904 758 961 cubuisset,
780 904 1008 952 matutinis
1032 903 1154 950 horis
1178 903 1222 949 in
1244 903 1405 950 larario
1437 903 1541 961 suo,
1561 904 1607 949 in

337 992 430 1039 quo
457 977 505 1023 δι
537 976 669 1024 divos
699 976 951 1038 Principes,
983 975 1055 1022 sed
1091 975 1317 1037 optimos,
1345 976 1536 1033 elessos,
1561 978 1611 1024 &

336 1049 502 1096 animas
523 1049 756 1096 sanctiores
771 1085 784 1105 ,
800 1048 843 1095 in
860 1049 983 1111 queis
1002 1049 1050 1095 &
1068 1048 1364 1110 Apollonium
1379 1085 1393 1106 ,
1410 1051 1457 1096 &
1473 1065 1611 1112 quan·

336 1134 430 1168 tum
468 1122 657 1184 scriptor
689 1122 867 1168 suorum
901 1133 1156 1183 temporum
1190 1121 1325 1180 dicit,
1354 1122 1610 1181 Christum,

336 1194 589 1251 Abraham,
618 1196 667 1242 &
700 1193 955 1255 Orpheum,
978 1195 1026 1241 &
1058 1192 1314 1253 hujusmodi
1341 1207 1510 1240 ceteros
1530 1194 1611 1239 ha·

337 1266 498 1324 bebat‚
518 1282 569 1314 ac
596 1265 813 1326 majorum
845 1266 1010 1328 effigies
1028 1302 1040 1321 ‚
1069 1283 1158 1312 rem
1186 1267 1384 1313 divinam
1413 1267 1613 1315 faciebat.

337 1338 381 1384 Si
411 1340 455 1385 id
493 1356 587 1387 non
619 1352 825 1401 poterat,
859 1355 942 1400 pro
982 1337 1074 1385 loci
1107 1339 1321 1402 qualitate
1357 1339 1430 1386 vel
1463 1340 1611 1386 vedla-

338 1413 498 1470 batur‚
527 1412 601 1459 vel
638 1411 907 1474 piscabatur,
944 1411 1016 1459 vel
1049 1412 1384 1468 deambulabat,
1423 1413 1495 1458 vel
1530 1429 1614 1459 ve·-
1668 1456 1671 1459 t

295 1540 301 1548 Ι
339 1485 540 1533 nabatur.
566 1484 747 1532 Dehinc
767 1485 796 1530 fi
825 1485 935 1531 hora
966 1484 1261 1545 permitteret,
1280 1485 1445 1532 aclibus
1466 1484 1613 1546 publi-

338 1558 403 1605 cis
424 1557 521 1618 post
544 1556 725 1603 multam
743 1556 900 1602 horam
919 1572 1102 1617 operam
1121 1556 1250 1602 dabat
1265 1591 1277 1613 ‚
1295 1556 1465 1604 idcirco
1486 1556 1612 1618 quod

339 1631 389 1677 &
417 1646 483 1677 res
515 1629 714 1687 bellicae,
744 1629 791 1675 &
826 1643 893 1674 res
927 1628 1113 1684 civiles,
1147 1641 1193 1674 ut
1225 1628 1419 1690 superius
1447 1629 1613 1674 dicium

339 1703 428 1760 est,
461 1718 538 1762 per
565 1701 733 1748 amicos
769 1701 1090 1757 trailabantun
1123 1700 1194 1747 sed
1227 1701 1393 1747 (auitos
1425 1703 1471 1748 &
1503 1701 1614 1748 fide-

340 1773 431 1830 les,
455 1775 501 1831 &
528 1788 752 1835 nunquam
782 1772 982 1819 venales:
1011 1773 1060 1820 ὅ(
1084 1773 1275 1818 tractatae
1302 1772 1612 1830 firmabantur,

341 1845 421 1893 nist
446 1845 555 1908 quid
588 1845 702 1892 novi
727 1845 805 1907 ipsi
837 1845 968 1892 etiam
998 1845 1204 1907 placeret,
1237 1846 1348 1892 Sane
1378 1845 1408 1890 s1
1438 1843 1618 1890 neceffi-

341 1926 408 1963 tas
436 1928 644 1978 cogeret,
674 1929 773 1962 ante
807 1916 950 1963 lucem
977 1916 1143 1962 aclibus
1172 1931 1351 1976 operam
1377 1916 1532 1971 dabat,
1565 1915 1616 1962 &

342 1984 390 2030 in
420 1985 597 2048 longam
635 1986 787 2031 horam
821 1985 1123 2047 producebat,
1149 2000 1290 2046 neque
1318 2001 1510 2046 unquam
1536 1999 1615 2029 ικ-

343 2056 486 2121 diavir
501 2091 515 2115 ,
536 2068 612 2103 aut
632 2055 862 2114 morosus,
879 2069 954 2102 aut
981 2056 1114 2102 iratus
1135 2055 1288 2100 resedit
1304 2090 1317 2111 ,
1338 2054 1487 2100 fronte
1507 2052 1616 2099 sem-

343 2145 420 2192 per
454 2129 578 2191 pari,
611 2131 654 2176 &
694 2130 818 2176 laetus
853 2130 905 2175 ad
945 2129 1110 2176 omnia.
1140 2143 1231 2174 erat
1267 2128 1383 2174 enim
1424 2126 1615 2190 ingentis

341 2202 612 2266 prudentiae,
638 2205 685 2250 &
712 2202 786 2248 cui
809 2217 942 2248 nemo
974 2202 1113 2265 posset
1135 2202 1386 2262 imponere,
1407 2201 1457 2248 δέ
1481 2216 1615 2264 quem

343 2273 375 2320 fi
415 2273 575 2338 aliquis
610 2273 776 2322 urbane
817 2286 984 2320 tentare
1027 2273 1200 2331 voluit,
1239 2273 1484 2320 intellectus
1515 2270 1616 2318 tulit

344 2362 515 2411 poenas.

407 2421 558 2469 XXX.
585 2419 685 2469 Post
701 2419 820 2470 aetus
835 2419 1041 2485 publicos
1055 2454 1070 2480 ,
1083 2418 1156 2466 seu
1173 2417 1358 2497 bellicos
1372 2452 1387 2478 ‚
1402 2415 1474 2465 seu
1497 2414 1613 2469 civi-¹
