1637 2785
225 115 328 162 AEL.
364 114 569 161 SPART.
611 114 975 162 ANTONINUS
1011 115 1191 162 GETA.
1283 130 1369 162 201

98 235 190 269 tum
215 222 487 284 imperandi,
507 220 637 266 etiam
660 222 820 265 Getam
848 221 1066 267 minorem
1090 220 1255 276 fliium,
1279 226 1377 268 An·

99 299 291 343 zoninum
329 295 484 340 vocari
511 294 639 353 juffir.
675 296 822 355 Itaque
854 294 1024 355 semper
1049 296 1102 341 ab
1126 313 1181 342 eo
1209 295 1255 340 in
1283 296 1381 358 epi-

96 370 221 416 stolis
259 367 548 413 familiaribus
583 367 721 412 dions
755 366 816 411 cst
848 367 1144 422 Antoninus;
1173 386 1302 425 cum,
1343 368 1375 414 fi

96 442 216 488 forte
245 441 427 496 abesset,
448 440 680 495 scriberet,
705 445 893 486 Salutate
920 445 1169 488 Antoninos
1184 440 1378 503 filios-<S-

87 512 320 578 ficcceffires
347 532 467 560 meos.
487 513 572 560 Sed
594 513 702 559 nihil
726 513 867 559 valuit
888 514 1022 576 patris
1042 515 1248 560 matrisve
1271 533 1380 562 cau-

99 588 186 633 tio:
217 602 317 630 nam
354 585 474 631 lolus
499 584 573 629 ille
603 583 824 640 successit,
851 584 927 646 qui
963 585 1127 646 primus
1157 585 1379 632 Antonini

97 676 263 706 nomen
284 658 472 719 accepit.
499 660 551 703 Et
572 657 668 703 haec
690 658 741 704 de
764 657 988 704 Antonini
1007 658 1201 705 nomine.

160 732 213 777 11.
246 732 350 777 Geta
375 742 521 776 autem
550 730 688 776 dicius
717 731 803 787 est,
837 731 909 778 vel
940 747 963 776 a
991 733 1135 794 patrui
1166 732 1380 790 nomine,

98 804 174 851 vel
206 805 281 850 avi
317 803 516 866 paterni:
551 803 603 848 de
635 802 760 864 cujus
792 805 885 850 vita
915 807 963 852 &
999 806 1199 852 moribus
1230 806 1274 851 in
1307 806 1381 851 vi-

98 891 140 926 ta
171 880 329 926 Severi·
354 878 522 925 Marius
553 879 779 925 Maximus
819 879 966 939 primo
1001 878 1248 941 septenario
1282 879 1383 926 satis

100 952 284 1015 copiose
315 952 476 1000 retulit.
508 951 604 998 Fuit
630 965 774 998 autem
806 952 1070 998 Antoninus
1099 953 1214 998 Geta
1248 952 1383 999 etiam

100 1029 162 1073 ob
190 1028 277 1073 hoc
300 1027 360 1073 ita
382 1026 553 1082 dietus,
576 1026 701 1087 quod
732 1025 775 1070 in
807 1025 958 1072 animo
984 1026 1137 1072 habuit
1162 1027 1352 1074 Severus
1368 1063 1382 1085 ,

102 1114 153 1147 ut
178 1116 336 1147 omnes
368 1099 578 1161 deinceps
602 1098 855 1161 Principes,
877 1099 1253 1162 quemadmodum
1285 1107 1384 1147 Au·

105 1174 235 1238 gusti,
269 1171 327 1218 ita
355 1171 486 1217 etiam
519 1173 735 1217 Antonini
765 1170 1045 1218 dicerentur:
1073 1185 1203 1234 atque
1230 1189 1383 1219 amore

101 1244 426 1306 Marci,quem
467 1242 592 1291 fuisse
626 1245 698 1290 vel
732 1242 911 1291 fratrem
946 1244 1072 1290 suum
1106 1245 1305 1301 dicebat,
1334 1249 1385 1294 δε

101 1317 229 1379 cujus
247 1317 571 1380 philosophiam
594 1317 908 1381 literarumque
927 1317 1251 1366 institutionem
1274 1320 1382 1365 sem-

79 1389 179 1454 'per
200 1390 396 1438 imitatus
423 1390 497 1437 est.
526 1389 699 1437 Dicunt
725 1390 883 1453 aliqui,
912 1406 1005 1436 non
1039 1391 1085 1436 in
1122 1392 1267 1438 Marci
1301 1392 1385 1437 ho-

100 1481 258 1511 norem
287 1477 457 1512 tantum
493 1463 713 1510 Antonini
741 1463 917 1510 nomini
950 1464 1171 1522 delatum,
1200 1482 1300 1511 cum
1336 1465 1384 1511 id

101 1539 278 1585 Marcus
311 1536 575 1599 adoptivum
603 1535 824 1593 habuerit,
857 1536 929 1583 sed
956 1539 1002 1582 in
1031 1535 1122 1597 ejus
1140 1572 1152 1594 ‚
1174 1538 1250 1598 qui
1279 1537 1383 1584 Pius

102 1609 452 1674 cognominatus
479 1610 570 1668 est,
597 1610 810 1656 Hadriani
841 1609 1004 1658 scilicet
1032 1609 1307 1657 successoris:
1331 1611 1382 1658 &

101 1684 283 1747 quidem
306 1685 368 1730 ob
389 1684 478 1731 hoc
495 1719 508 1740 ‚
528 1684 650 1747 quod
670 1685 882 1730 Severum
906 1682 978 1729 ille
1001 1684 1053 1731 ad
1074 1683 1165 1732 fisci
1183 1685 1384 1731 advoca-

102 1755 272 1803 tionem
307 1754 528 1817 delegerat
562 1771 617 1801 ex
658 1753 924 1801 formulario
961 1754 1154 1811 forenfi,
1188 1771 1289 1801 cum
1325 1756 1383 1802 ad

102 1840 252 1876 tantos
281 1829 507 1892 processus
533 1830 571 1877 ei
601 1830 804 1891 patuifl'et
833 1830 922 1877 dati
951 1831 1005 1876 ab
1026 1830 1263 1877 Antonino
1288 1831 1385 1893 pri-

101 1902 165 1952 mi
190 1903 348 1966 gradus
375 1902 450 1948 vel
482 1904 673 1950 honoris
701 1903 971 1965 auspicium:
998 1903 1123 1950 simul
1149 1904 1274 1966 quod
1304 1920 1382 1951 ne-

103 1991 182 2022 mo
209 1974 250 2022 ei
276 1975 500 2023 videretur
529 1975 705 2024 felicior
732 1979 978 2039 Imperator
1003 1978 1057 2024 ad
1085 1978 1382 2025 commodan-

104 2048 211 2094 dum
241 2064 434 2107 nomen,
463 2065 518 2096 eo
545 2050 776 2112 Principe,
799 2049 925 2111 cujus
954 2050 1187 2112 proprium
1211 2066 1383 2096 nomen

103 2119 190 2183 jam
215 2136 293 2183 per
317 2134 511 2184 quatuor
535 2122 762 2186 Principes
789 2123 1060 2172 cucurriffet.
1091 2124 1166 2171 De
1187 2124 1275 2171 hoc
1302 2135 1386 2170 eo-·

102 2196 205 2242 dem
226 2197 438 2253 Severus,
461 2214 622 2260 gnarus
646 2199 859 2262 geniturae
877 2199 1021 2258 illius,
1041 2197 1164 2259 cujus
1181 2233 1194 2255 ,
1214 2211 1263 2244 ut
1286 2198 1384 2259 ple-3

99 2267 231 2329 rique
248 2267 481 2327 Afrorum,
501 2271 782 2332 peritissimus
803 2271 913 2328 fuit,
936 2271 1089 2318 dixiffe
1104 2269 1268 2327 fertur,
1288 2271 1385 2316 Mi*

106 2358 193 2386 rum
217 2341 318 2386 mihi
350 2345 530 2401 videtur,
558 2345 775 2391 ,Iuvenalis
799 2345 1100 2408 amantffme,
1120 2344 1228 2390 Geta
1252 2344 1379 2409 nester

109 2413 258 2462 Divus
275 2413 480 2476 futurus,
507 2415 626 2483 cujus
654 2418 767 2466 nilzil
792 2420 1000 2480 imperiale
1023 2419 1072 2464 in
1096 2418 1382 2484 genitura-vi}
