1714 2807
364 138 424 188 88

423 422 945 494 VULCATII
1003 427 1586 499 GALLICANI

980 609 1022 650 V.
1055 610 1098 650 C.

369 779 974 896 AVIDIUS
1043 780 1638 861 CASSIUS.

759 988 1242 1002 ——ss

366 1199 397 1244 1.
439 1159 700 1247 AVIDIUS
731 1198 897 1245 Caffius
915 1233 927 1253 ,
948 1209 997 1245 ut
1019 1198 1199 1263 quidam
1221 1198 1414 1256 volunt,
1437 1216 1490 1246 ex
1516 1198 1642 1246 sami-

367 1271 425 1318 lia
450 1273 699 1319 Caffiorum
723 1271 846 1318 fuisse
875 1273 1037 1319 dicitur
1054 1308 1068 1329 ,
1088 1289 1165 1335 per
1182 1285 1365 1319 matrem
1383 1285 1529 1319 tamen
1549 1288 1643 1318 avo

366 1344 540 1407 genitus
579 1344 752 1391 Avidio
781 1346 982 1400 Severo,
1010 1345 1088 1408 qui
1123 1345 1304 1391 ordines
1341 1341 1555 1403 d'uxerat,
1592 1347 1643 1392 δε

364 1416 465 1477 post
485 1417 538 1463 ad
569 1418 757 1464 summas
782 1418 1016 1481 dignitates
1045 1430 1323 1481 pervenerat.
1345 1416 1490 1479 Cujus
1510 1418 1641 1476 Qua-

366 1489 517 1536 dratus
549 1489 593 1535 in
624 1489 821 1537 historiis
847 1491 1079 1550 meminit,
1111 1492 1161 1538 &
1198 1491 1378 1553 quidem
1414 1490 1642 1553 graviter,

366 1576 469 1607 cum
497 1561 621 1607 illum
653 1561 868 1608 summum
909 1563 1057 1608 virum
1092 1565 1142 1610 &
1171 1563 1456 1610 necessarium
1489 1563 1642 1624 reipu-

365 1633 494 1680 blicae
524 1634 687 1690 afferit,
713 1636 762 1682 &
794 1631 911 1696 apu'd
946 1634 1085 1698 ipsum
1119 1637 1325 1682 Marcum
1357 1635 1641 1681 Antoninum

366 1707 670 1768 praevalidum.
706 1724 806 1765 nam
845 1707 930 1768 jam
967 1724 1024 1755 eo
1053 1707 1297 1769 imperante
1337 1707 1491 1769 perisse
1523 1707 1642 1754 fatali

366 1780 483 1825 sorte
516 1781 788 1841 perhibetur.
822 1781 908 1828 Hic
941 1798 1049 1844 ergo
1081 1779 1245 1827 Caffius
1276 1796 1330 1826 ex
1361 1779 1528 1826 familia
1551 1816 1564 1836 ,
1594 1796 1642 1826 ut

365 1850 580 1906 diximus,
606 1852 886 1910 Caffiorum,
916 1853 992 1915 qui
1032 1854 1075 1898 in
1110 1855 1231 1900 curia
1257 1852 1302 1898 in
1325 1852 1489 1900 Julium
1525 1869 1641 1899 con-

364 1922 611 1984 spirarunt,
632 1925 787 1970 oderat
806 1924 935 1971 tacite
955 1923 1251 1985 principatum
1267 1955 1282 1978 ,
1302 1940 1382 1970 nec
1395 1923 1509 1970 ferre
1533 1938 1642 1985 pot-

363 2007 456 2042 erat
492 1996 829 2058 imperatorium
868 2012 1033 2041 nomen
1060 2013 1070 2040 :
1102 1996 1363 2056 dicebatque
1383 2031 1396 2051 ,
1428 1999 1539 2040 nihil
1573 1995 1641 2058 effi:

364 2072 532 2132 gravius
561 2073 725 2114 nominc
756 2072 943 2128 imperii,
982 2071 1093 2128 quod
1115 2086 1198 2112 non
1228 2065 1353 2130 poffic
1386 2085 1404 2111 e
1434 2071 1641 2127 republica

364 2145 483 2199 tolli,
505 2142 589 2206 ,²21st
607 2161 684 2203 per
711 2146 883 2187 alterum
916 2142 1209 2201 imperatorem.
1236 2139 1428 2202 denique
1460 2141 1642 2186 tentasse

362 2215 408 2262 in
440 2215 624 2277 pueritia
656 2215 818 2262 dicitur
844 2229 1112 2277 extorquere
1139 2213 1268 2259 etiam
1301 2214 1382 2259 Pio
1419 2214 1643 2276 principa-

359 2299 453 2333 tum
475 2306 484 2333 z
508 2286 578 2333 sed
608 2303 685 2349 per
717 2300 914 2349 patrem,
947 2287 1091 2334 virum
1127 2285 1320 2333 (andium
1354 2287 1400 2332 &
1431 2302 1641 2348 gravem,

360 2359 686 2407 affcfiationem
727 2359 979 2423 tyrannidis
1016 2358 1216 2412 latuiffe;
1244 2358 1443 2405 habitum
1491 2370 1640 2404 tamen

358 2432 527 2497 semper
546 2449 568 2480 a
594 2431 779 2481 ducibus
803 2431 1061 2495 suspeekum.
1087 2433 1208 2479 Vero
1229 2443 1374 2478 autem
1405 2431 1533 2478 illum
1557 2448 1638 2493 pa-
