1714 2807
326 148 424 202 ³34
542 139 773 186 AEL11
838 139 1416 188 SPARTIANl

330 242 524 290 fluvium
555 243 847 300 accolebant,
870 244 1207 306 erumpentibus
1238 243 1418 302 restitit,
1442 245 1611 292 tumul-

328 317 486 364 tuariis
514 316 688 365 auxiliis
712 316 1082 379 provincialium.
1108 317 1170 363 ob
1196 333 1296 379 quae
1315 317 1612 365 Consulatum

327 390 525 447 meruit,
553 388 812 437 testimonio
843 388 1143 451 Imperatoris.
1172 389 1331 436 Cattos
1362 389 1495 436 etiam
1533 390 1614 436 de-

329 461 532 509 bellavit.
563 463 666 508 lnde
695 461 968 509 Dalmatiam
995 461 1232 523 regendam
1262 461 1466 523 accepit,
1494 478 1615 508 eam·

329 549 417 595 que
438 550 461 580 a
490 532 745 581 confinibus
774 532 975 582 hostibus
1002 531 1271 580 vindicavit.
1297 532 1399 579 Post
1421 535 1614 580 Germa-

330 604 450 651 niam
485 604 747 652 inferiorem
776 605 908 653 rexit.

395 679 444 723 11.
469 677 571 724 Post
598 678 686 725 hoc
717 693 867 725 curam
888 677 1204 724 alimentorum
1226 676 1271 723 in
1297 676 1418 724 ltalia
1441 678 1617 725 meruit.

330 750 464 798 Tunc
491 749 627 798 facins
654 750 715 798 est
740 767 839 798 reus
869 768 945 812 per
967 751 1188 813 quendam
1217 751 1431 797 Severum
1452 752 1617 799 Claris-

330 822 488 869 simum
504 857 516 879 ‚
539 822 724 870 militem
746 858 759 879 ,
784 823 1116 881 conjurationis
1147 839 1248 869 cum
1272 823 1426 870 Salvio
1457 836 1618 871 contra

335 896 680 942 Commodum:
708 894 777 942 sed
805 913 831 942 a
858 895 1124 942 Commodo
1147 931 1159 953 ,
1195 896 1298 959 quia
1333 897 1500 944 multos
1530 896 1619 959 jam

332 969 571 1016 Senatores
599 969 856 1025 occiderat,
883 969 932 1016 &
955 967 1136 1031 quidem
1171 969 1346 1016 nobiles
1373 985 1423 1017 ac
1454 985 1620 1032 poten-

332 1053 427 1098 tes,
460 1041 505 1087 in
543 1041 684 1089 causis
722 1040 958 1102 majestatis
982 1079 995 1098 ‚
1033 1058 1089 1088 ne
1127 1041 1290 1089 tristius
1324 1054 1621 1105 gravaretur,

335 1114 504 1163 Didius
530 1115 740 1163 liberatus
769 1115 856 1173 est,
887 1115 1145 1162 accusatore
1173 1116 1401 1162 damnato·
1426 1114 1622 1162 Absolu-

334 1198 437 1245 tus,
470 1187 630 1234 iterum
670 1188 724 1234 ad
758 1189 993 1250 regendam
1035 1188 1322 1250 provinciam
1356 1187 1506 1234 miffus
1546 1187 1623 1235 est.

335 1259 596 1323 Bithyniam
629 1260 786 1306 deinde
809 1260 953 1306 rexit:
981 1260 1053 1306 sed
1073 1278 1166 1307 non
1195 1278 1245 1308 ea
1271 1260 1383 1307 fama
1401 1296 1413 1318 ,
1435 1277 1522 1324 qua
1550 1276 1622 1306 ce-

335 1343 467 1378 teras.
494 1332 592 1378 Fuit
620 1331 791 1378 Consul
820 1348 921 1379 cum
943 1332 1198 1392 Pertinace,
1226 1333 1276 1380 &
1299 1332 1346 1379 in
1368 1331 1624 1379 Proconsu-

333 1405 431 1452 latu
461 1405 626 1453 Africa:
654 1406 795 1453 eidem
830 1406 1058 1464 succeffit,
1095 1409 1143 1456 &
1177 1407 1346 1469 semper
1370 1407 1425 1453 ab
1451 1421 1508 1453 eo
1527 1406 1624 1453 col-

335 1479 436 1542 lega
465 1480 525 1526 est
569 1481 616 1527 &
653 1480 870 1528 successor
900 1481 1174 1544 appellatus:
1200 1481 1392 1528 maxime
1424 1496 1481 1527 eo
1519 1480 1626 1540 die,

337 1568 441 1599 cum
460 1588 474 1609 ‚
500 1551 633 1599 filiam
664 1553 780 1600 suam
812 1552 1011 1600 Julianus
1049 1552 1328 1616 despondens
1357 1552 1480 1600 affini
1511 1552 1590 1600 suo
1610 1588 1626 1612 ‚

337 1625 394 1671 ad
426 1626 699 1672 Pertinacem
728 1624 942 1682 venisset,
964 1625 1096 1689 idque
1130 1624 1393 1672 intimass‘et:
1422 1624 1626 1689 dixitque

336 1697 484 1744 debita
512 1698 760 1745 reverentia
775 1733 786 1755 ,
810 1701 907 1759 quia
929 1703 1080 1761 collega
1101 1734 1114 1755 ‚
1147 1696 1190 1744 G·
1209 1696 1413 1761 fhcceslbr
1436 1716 1547 1744 meus
1563 1698 1627 1762 est.

340 1769 485 1817 statim
514 1771 632 1817 enim
666 1788 787 1818 mors
815 1772 1057 1819 Pertinacis
1088 1771 1233 1819 secuta
1254 1771 1330 1819 est.
1357 1773 1466 1832 Quo
1486 1771 1627 1817 inter-

337 1842 486 1902 fecto,
516 1862 618 1892 cum
647 1845 930 1906 Sulpicianus
958 1848 1203 1908 Imperator
1233 1844 1278 1892 in
1306 1844 1454 1892 castris
1474 1844 1628 1906 appel-

337 1918 422 1965 lari
446 1919 606 1978 vellet,
630 1922 677 1968 δι
698 1921 894 1969 Julianus
920 1938 1020 1968 cum
1041 1936 1208 1984 genero
1230 1920 1285 1966 ad
1304 1921 1513 1966 Senatum
1543 1936 1626 1966 ve-

336 1992 491 2050 niffet,
518 2009 650 2055 quem
692 1993 906 2041 indissum
942 2008 1195 2056 acceperat,
1230 2009 1424 2056 cumque
1459 1992 1625 2043 clausas

342 2066 501 2114 valvas
533 2066 802 2123 invenisset,
833 2081 964 2130 atque
994 2067 1085 2114 illic
1124 2068 1238 2115 duos
1266 2068 1476 2115 tribunos
1502 2083 1628 2129 repe-

338 2137 488 2197 risset,
536 2138 743 2186 Publium
785 2141 1041 2187 Florianum
1085 2142 1133 2188 &
1170 2141 1377 2187 Vectium
1415 2144 1582 2202 Aprum
1611 2174 1627 2199 ,

338 2225 580 2274 coeperunt
601 2229 703 2260 eum
734 2213 903 2260 hortari
934 2213 1130 2271 tribuni,
1151 2227 1201 2260 ut
1223 2214 1376 2261 locum
1399 2214 1628 2276 arriperet.

340 2284 505 2348 quibus
535 2302 637 2333 cum
666 2284 832 2332 diceret
853 2321 866 2342 ‚
896 2284 984 2347 jam
1020 2285 1153 2331 alium
1196 2288 1514 2347 Imperatorem
1548 2301 1628 2347 ap-

339 2356 576 2418 pellatum,
603 2356 842 2404 retinentes
869 2373 968 2403 eum
999 2357 1052 2403 ad
1085 2359 1293 2419 praetoria
1325 2357 1460 2404 castra
1486 2357 1626 2402 duxe-

341 2440 464 2477 runt.
496 2429 581 2477 Sed
607 2429 894 2494 posteaquam
923 2429 969 2477 in
992 2430 1130 2479 castra
1158 2443 1347 2479 ventum
1373 2430 1459 2488 est,
1491 2447 1593 2479 cum
1611 2465 1631 2491 ,
