1637 2785
212 169 352 214 NOT.
390 169 499 214 LIT.
536 169 632 213 DE
669 168 944 214 SCRIPTT.
979 169 1041 215 H.
1078 170 1139 214 A.
1239 181 1350 214 xvn

90 285 368 334 permotum,
397 288 514 336 quos
545 289 639 318 non
669 272 814 335 attigit
848 273 1113 330 Suetonius,
1144 274 1228 320 ab³
1263 275 1355 320 Ha-

89 347 243 392 driano
273 345 406 407 usque
426 345 478 391 ad
505 345 716 392 Carinum
745 345 970 406 descriptae
998 346 1051 392 ab
1082 349 1200 393 AElio
1219 353 1356 408 Spar-

90 423 206 465 tiano
225 453 239 475 ,
272 419 387 464 Iulio
419 420 681 475 Capitolino,
704 420 826 463 AElio
857 420 1096 478 Lampridio
1123 427 1164 472 2,
1199 425 1241 464 V
1240 426 1358 466 ulca-

89 494 146 536 n‘o
175 491 425 547 Gallicano,
463 491 659 536 Trebellio
694 492 881 535 Pollione
910 491 967 536 ὅ(
985 491 1136 534 Flavio
1156 480 1360 550 Vopifio,

89 561 167 624 qui
195 576 350 607 omnes
377 560 623 621 imperante
649 559 942 607 Diocletiano
963 572 1038 605 aut
1061 560 1357 620 Constantio,

91 633 168 696 qui
204 632 245 680 ei
273 632 498 690 successit,
532 632 608 678 vel
628 645 748 680 certe
784 630 882 678 filio
911 631 1006 691 ejus
1030 631 1365 690 Constantino,

93 706 317 755 vixerunt.
353 705 469 752 Vide
504 705 626 752 Voff.
660 706 736 753 lib.
767 724 792 754 2
830 706 882 752 de
917 705 1027 752 Hist.
1070 706 1239 753 Latinis
1269 723 1364 769 cap.

99 797 139 838 5,
170 781 225 835 6,
259 796 316 839 7,
345 779 393 825 δε
420 778 476 825 cl.
507 778 734 827 Hankium
772 780 826 825 de
869 779 1174 825 Romanarum
1216 795 1366 825 rerum

92 851 394 913 scriptoribus.
431 854 648 897 Vulcatius
668 861 683 890 3
713 853 966 898 Gallicanus
993 851 1177 895 Senator
1197 849 1367 895 Roma-

94 937 179 967 nus
202 920 312 976 fuit,
341 921 388 966 &
425 918 602 968 fortaffe
630 920 748 968 idem
775 921 950 967 Consul
982 937 1020 968 a.
1047 921 1100 968 C.
1136 939 1238 984 317·
1268 925 1370 968 Fla-

97 998 190 1040 vius
214 993 415 1053 Vopiscus
442 994 580 1053 patria
605 993 936 1057 Syracusanus,
956 993 1035 1054 qui
1054 994 1255 1040 Suetonii
1276 995 1371 1041 imi-

97 1067 267 1112 tatione
294 1064 501 1127 scripfiffe
527 1065 569 1111 se
599 1083 691 1112 non
718 1066 930 1113 diffitetur
960 1066 1004 1112 in
1037 1067 1217 1114 Probo:
1250 1069 1300 1116 &
1326 1069 1372 1115 in

99 1137 345 1184 Aureliano
383 1153 474 1199 cap,
495 1154 586 1197 44,
617 1138 888 1184 Constantio
924 1150 1104 1184 tenente
1135 1139 1373 1201 imperium

100 1207 257 1257 vixiffe
283 1207 324 1254 se
349 1207 510 1254 innuit.
539 1209 863 1257 Interciderunt
884 1212 1086 1256 Claudius
1106 1213 1374 1277 Eusthenius,

99 1281 180 1344 qui
203 1293 396 1343 quatuor
413 1280 537 1328 libris
557 1281 783 1342 scripserat
802 1282 913 1330 vitas
935 1283 1241 1344 Diocletiani,
1263 1287 1378 1333 Her-

102 1352 244 1409 culei,
269 1351 522 1400 Constantii
551 1355 598 1400 &
625 1354 818 1401 Galerii:
840 1358 1049 1402 Acholius
1079 1358 1304 1418 Septimius
1329 1361 1378 1407 &

103 1426 340 1486 Encolpius
364 1434 411 1483 4,
430 1442 453 1471 a
472 1424 634 1488 quibus
657 1428 794 1474 vitam
818 1428 1062 1474 Alexandri
1086 1429 1240 1475 Severi
1270 1429 1378 1477 scri-

105 1513 223 1560 ptam
250 1497 461 1544 novimus
492 1515 548 1544 ex
574 1499 807 1561 Spartiano
834 1517 872 1548 c.
900 1502 985 1559 48,
1010 1501 1086 1564 qui
1114 1502 1378 1563 Dexippum

107 1585 291 1632 (guoque
329 1569 477 1615 laudat
513 1586 610 1632 cap.
643 1583 732 1633 49,
766 1584 896 1634 atque
940 1574 1180 1621 Acholium
1220 1575 1380 1623 itinera

108 1641 348 1689 Alexandri
372 1643 523 1693 Severi
546 1642 753 1706 scripfiffe
784 1645 962 1693 testatur
995 1663 1089 1709 cap.
1114 1649 1208 1708 64:
1238 1649 1379 1696 Julius

170 1825 201 1849 ι.
234 1810 372 1850 Mirum
400 1809 474 1858 est,
500 1809 639 1850 Nervae
672 1810 714 1850 &

111 1864 259 1917 Traiani
311 1865 534 1918 optimorum
578 1865 716 1903 Princi-

112 1934 200 1974 pum
233 1920 326 1958 vitas
352 1933 397 1957 ex
429 1917 620 1971 Spartiano
656 1918 716 1957 vel

113 1976 183 2013 alio
204 1973 365 2019 *auetore
398 1986 475 2010 non
513 1972 682 2011 addidiss'e
703 2001 714 2019 ,

114 2028 175 2079 qui
208 2027 303 2066 hanc
338 2025 572 2079 συναγωγὴν
617 2027 717 2064 vita-

112 2095 195 2119 rum
219 2082 355 2132 primus
387 2080 570 2120 confecit:
602 2093 717 2132 neque

115 2137 212 2173 enim
234 2135 302 2172 hos
322 2132 512 2172 Suetonius
535 2134 717 2186 attigerat:

117 2188 179 2226 nisi
199 2189 318 2240 potius
346 2187 542 2226 dicendum
568 2187 642 2235 est,
666 2188 720 2225 vi-

117 2255 173 2280 tas
207 2240 288 2279 istas
320 2255 364 2279 ex
403 2241 472 2279 hac
507 2241 720 2280 collectione

118 2294 340 2334 intercidiffe.
388 2295 442 2333 Ita
478 2295 721 2347 Philipporum

116 2351 225 2387 etiam
246 2347 522 2401 Decimumque
537 2351 623 2386 vitae
637 2362 721 2386 cum

119 2403 219 2442 initio
245 2402 427 2440 Valeriani
452 2402 706 2441 defideramur.

185 2470 220 2495 2.
274 2454 354 2493 Fuit
403 2457 444 2494 &
496 2455 724 2508 Lampridius

216 2522 380 2580 ScrI'ptt.
411 2519 473 2565 H.
506 2525 566 2567 A.

779 1810 899 1849 rhetor
930 1808 1205 1863 Burdegalensxs
1223 1839 1234 1855 ,
1272 1823 1380 1862 quern

779 1877 900 1903 acrem
935 1862 1100 1903 Sidonius
1131 1864 1307 1917 appellat:
1342 1866 1382 1904 ὃ(

780 1917 988 1957 Gallicanus
1015 1917 1206 1970 presbyter
1225 1947 1236 1965 ‚
1275 1931 1386 1969 quem

780 1971 903 2010 laudat
925 1969 1088 2010 Sedulius
1106 1971 1209 2023 praef.
1229 1972 1275 2009 ad
1303 1972 1386 2011 Ma-

780 2025 984 2064 cedonium.

838 2093 873 2132 3.
909 2079 1023 2118 AElius
1057 2078 1212 2117 Rufinus
1249 2079 1388 2118 Vulca-

785 2132 853 2171 tius
882 2146 944 2184 ap.
963 2133 1152 2171 Ammian.
1179 2132 1299 2178 XXI,
1327 2147 1383 2173 12¹

839 2201 875 2235 4.
905 2187 1033 2239 Imago
1055 2187 1194 2238 imperii
1226 2186 1288 2224 sub
1316 2186 1389 2223 En-

785 2240 893 2292 colpii
910 2243 1057 2277 nomine
1080 2253 1100 2276 a
1126 2238 1265 2278 Thom.
1292 2238 1390 2278 Elio-

786 2307 826 2331 το
840 2294 935 2332 edita
950 2294 1104 2345 Anglice
1119 2292 1237 2331 Lond.
1251 2308 1281 2331 a.
1294 2307 1388 2346 1549

786 2347 1006 2399 supposititia
1032 2345 1102 2393 est,
1134 2358 1171 2384 ut
1197 2349 1323 2385 notavi
1354 2351 1391 2385 in

787 2399 878 2439 ΒὼΙ.
903 2400 1036 2440 Graeca
1056 2400 1116 2439 lib.
1142 2414 1193 2449 4,
1214 2414 1293 2454 cap.
1323 2415 1393 2449 10,

790 2454 805 2503 §
843 2467 899 2507 ις,

1073 2516 1102 2562 b
