1714 2807
322 154 407 185 122
583 138 799 186 JULII
850 139 1352 189 CAPITOLINI

313 243 431 289 lestis
456 254 701 304 emergunt.
721 242 825 288 Post
849 243 940 290 hoc
961 243 1192 305 praefestus
1222 247 1337 293 Urbi
1365 246 1527 297 factus:
1548 249 1595 296 in

311 330 399 377 qua
436 313 695 378 praefeRura
733 316 833 379 post
866 316 1156 377 Fuscianum,
1195 321 1426 368 hominem
1464 322 1594 369 seve-

312 406 436 445 rum,
462 389 670 436 Pertinax
695 389 945 439 mitiffimus
968 392 1017 440 &
1043 394 1373 442 humanissimus
1403 395 1515 442 fuit:
1543 397 1594 444 &

312 464 391 525 ipsi
420 465 683 512 Commodo
714 466 954 527 plurimum
983 467 1172 529 placuit,
1203 469 1305 530 quia
1336 469 1410 516 ille
1439 470 1543 517 effet
1567 474 1592 496 ⁴*

310 536 498 595 iterum,
518 555 618 585 cum
642 537 850 584 Pertinax
881 537 1018 584 fastus
1037 539 1110 586 est.
1129 541 1260 585 Tunc
1289 540 1496 586 Pertinax
1520 541 1592 588 in-

310 607 560 657 terficiendi
583 610 831 657 Commodi
861 610 1182 658 conscientiam
1210 611 1400 658 delatam
1433 613 1511 659 fibi
1538 614 1593 659 ab

311 683 408 730 aliis
434 701 526 730 non
553 682 682 747 fugit.
713 684 979 731 Commodo
1015 695 1162 730 autem
1200 684 1469 744 interemto,
1498 688 1594 732 Laz-

310 768 381 802 tus
401 756 630 818 praefeCIus
655 757 853 817 praetorii
868 792 882 813 ,
903 758 951 804 &
977 757 1152 802 Elechts
1179 757 1480 805 cubicularius
1499 794 1515 816 ‚
1538 759 1594 806 ad

309 846 412 877 eum
441 843 690 887 venerunt,
709 845 758 876 ut
789 847 890 876 eum
916 829 1232 878 confirmarent
1250 848 1266 888 3
1283 845 1415 894 atque
1440 832 1487 878 in
1515 850 1593 895 ca-

311 901 396 947 stra
428 903 668 948 duxerunt.
695 901 792 948 Illic
826 902 1036 949 Pertinax
1064 903 1226 950 milites
1257 904 1479 952 allocutus
1509 904 1593 951 est:

309 976 577 1021 donativum
604 974 828 1037 promisit:
864 975 1004 1039 ingeri
1035 974 1116 1021 fibi
1146 975 1382 1037 imperium
1412 993 1437 1023 a
1465 979 1591 1024 Laeto

308 1049 358 1095 &
381 1049 535 1096 Elec-‘co
557 1049 682 1096 dixit.
703 1049 872 1095 Fiuum
898 1049 960 1096 est
983 1063 1130 1096 autem
1148 1085 1162 1107 ,
1187 1050 1312 1113 quod
1336 1051 1500 1097 morbo
1529 1050 1593 1096 es-

310 1121 373 1169 set
400 1123 685 1168 Commodus
704 1122 967 1177 exstiustus,
989 1124 1093 1184 quia
1118 1126 1166 1171 δι
1192 1124 1354 1169 milites
1371 1159 1383 1180 ,
1408 1140 1463 1170 ne
1496 1139 1592 1169 ten·

308 1207 513 1240 tat-entur
527 1229 540 1250 ‚
558 1193 939 1255 pertimescebant.
962 1195 1175 1257 Denique
1189 1211 1212 1241 a
1226 1196 1377 1257 paucis
1397 1196 1592 1256 primum

312 1267 374 1314 est
399 1268 605 1314 Pertinax
629 1269 878 1329 Imperator
897 1268 1157 1328 appellatus.
1182 1270 1334 1314 Factus
1357 1269 1418 1313 est
1446 1280 1591 1314 autem

309 1339 599 1403 sexagenario
634 1338 1077 1401 majorimperator‚
1109 1340 1250 1401 pridie
1276 1341 1499 1386 Kalendas
1525 1340 1592 1386 Ja-

311 1414 497 1460 nuarias.
528 1413 602 1459 De
639 1411 788 1459 castris
824 1413 956 1459 nocie
986 1429 1086 1460 cum
1114 1412 1168 1458 ad
1201 1413 1410 1458 Senatum
1448 1411 1593 1458 venis·

310 1485 401 1542 set,
429 1487 478 1532 &
509 1484 666 1531 cellam
697 1483 829 1530 curiae
859 1483 1035 1543 juffisset
1067 1484 1260 1546 aperiri,
1285 1500 1430 1546 neque
1459 1485 1593 1530 inve—

313 1559 484 1605 niretur
512 1559 728 1612 aedituus;
760 1558 805 1603 in
838 1557 1010 1618 templo
1039 1557 1313 1605 Concordiae
1337 1557 1508 1603 resedit.
1537 1560 1593 1604 Et

313 1648 417 1678 cum
448 1632 503 1678 ad
533 1647 634 1678 eum
667 1630 881 1676 Claudius
913 1628 1240 1691 Pompejanus,
1269 1647 1397 1693 gener
1423 1633 1592 1689 Marci,

311 1703 499 1750 venisset
522 1738 537 1760 ,
578 1702 813 1765 casumque
854 1702 1103 1748 Commodi
1148 1702 1409 1750 lacrimaffet
1430 1737 1445 1757 ‚
1488 1720 1591 1749 eum

311 1776 516 1823 hortatus
536 1776 596 1823 est
616 1775 848 1833 Pertinax,
871 1788 921 1822 ut
939 1775 1173 1838 imperium
1195 1775 1401 1822 sumeret:
1425 1775 1495 1822 sed
1518 1776 1592 1823 ille

312 1851 561 1908 recusavit,
583 1852 688 1914 quia
708 1850 797 1913 jam
819 1853 1141 1913 Imperatorem
1163 1847 1434 1895 Pertinacem
1462 1849 1592 1895 vide-

313 1924 402 1972 bat.
422 1926 578 1971 Statim
599 1941 706 1987 ergo
728 1923 876 1970 omnis
897 1922 1170 1987 magistratus
1191 1939 1293 1969 cum
1317 1921 1516 1968 Consule
1537 1924 1591 1968 ad

312 1998 482 2044 curiam
508 2014 729 2044 venerunt
744 2034 756 2055 ,
778 1997 1105 2060 ingressumque
1134 1995 1408 2043 Pertinacem
1426 2029 1442 2054 ,
1464 1997 1593 2043 nocie

312 2073 631 2131 Imperatorem
653 2070 1011 2131 appellaverunt.

377 2145 431 2187 V.
454 2142 547 2203 Ipse
575 2155 717 2188 autem
742 2142 949 2188 Pertinax
973 2141 1070 2204 post
1093 2142 1243 2189 laudes
1271 2143 1392 2200 suas,
1418 2160 1442 2188 a
1463 2144 1592 2190 Con-

311 2215 477 2263 sulibus
507 2216 672 2273 dicias,
693 2216 741 2262 &
770 2214 870 2276 post
897 2216 1282 2276 vituperationem
1313 2217 1590 2271 Commodi,

314 2290 710 2338 acclamationibus
735 2290 916 2334 Senatus
944 2287 1159 2335 ostensam
1181 2323 1193 2339 .,
1219 2289 1308 2352 egit
1329 2288 1489 2352 gratias
1518 2289 1592 2334 Se-

314 2364 465 2420 natui,
493 2365 542 2411 ὅ(
571 2362 794 2424 praecipue
821 2363 976 2420 Laeto,
1003 2361 1216 2408 Praefe&o
1239 2361 1468 2422 praetorii,
1495 2376 1590 2423 quo

312 2438 491 2486 au&0re
520 2440 569 2486 &
589 2437 876 2485 Commodus
894 2437 1156 2484 interemtus
1173 2472 1187 2496 ‚
1209 2439 1258 2485 &
1279 2436 1367 2499 ipse
1395 2439 1590 2498 Impera-
