1714 2807
314 150 401 209 256
427 149 529 194 AEL.
552 147 772 192 LAMPR.
793 147 1096 193 ANTONIN.
1116 148 1595 198 HELIOGABALUS.

310 256 364 299 cle
378 289 389 309 ‚
412 268 457 299 ut
478 252 696 313 plerisque
711 252 757 298 in
777 251 1121 313 librisinvenio,
1142 255 1336 302 Antonii
1356 255 1459 303 dieti
1479 256 1594 316 sunt,

312 343 408 370 non
442 324 681 372 Antonini.
849 324 855 334 ²

376 399 575 445 XXXV.
607 398 716 445 Haec
744 396 846 444 sunt
872 398 926 444 de
953 399 1276 464 Heliogaba10‚
1301 399 1426 459 cujus
1457 401 1596 448 vitam

311 489 382 518 rne
410 471 604 517 invitum
633 472 683 518 δέ
712 473 1000 519 relu&antem
1020 509 1034 530 ,
1062 489 1119 520 ex
1146 474 1317 521 Graecis
1346 475 1598 538 Latinisque

309 544 543 592 collectam
559 580 572 597 ,
591 543 778 591 scribere
802 562 853 590 ac
872 545 951 590 tibi
974 546 1134 592 offerre
1153 547 1362 604 voluisti,
1388 564 1488 594 cum
1512 546 1595 608 jam

310 617 502 663 aliorum
524 627 627 662 ante
654 616 901 663 tulerimus.
924 618 1122 665 Scribere
1153 632 1297 665 autem
1326 620 1498 677 ordiar,
1520 619 1596 682 qui

308 690 413 755 post
448 692 721 755 sequentur:
759 708 954 756 quorum
999 694 1254 741 Alexander
1287 694 1516 758 optimus,
1549 697 1597 741 δέ

309 782 413 812 curn
433 782 538 812 vera
559 765 772 812 dicendus
796 766 1052 824 assertione,
1069 768 1120 813 &
1138 783 1361 813 annorum
1384 767 1596 814 tredecim

309 841 557 901 Princeps:
592 838 818 886 semestres
858 840 968 896 alii,
999 842 1049 888 δι
1088 840 1171 888 vix
1208 841 1348 888 annui
1386 843 1435 889 &
1473 842 1596 888 bimi.

310 914 578 962 Aurelianus
604 914 857 975 praecipuus
879 931 889 959 :
925 914 974 961 &
1003 915 1169 961 horum
1203 914 1407 962 omniurn
1432 915 1566 962 decus
1585 950 1598 970 ‚

309 986 467 1031 auctor
493 985 557 1030 tui
579 985 752 1047 generis
770 984 988 1033 Claudius
1007 1003 1018 1032 :
1040 987 1093 1033 de
1121 1003 1215 1050 quo
1242 1003 1406 1034 vereor
1436 987 1491 1033 ad
1511 988 1598 1034 cle-

310 1059 522 1105 mentiam
556 1072 675 1105 tuam
708 1057 905 1106 scribens
935 1076 1043 1106 vera
1068 1059 1246 1116 dicere,
1279 1077 1333 1108 ne
1363 1059 1597 1118 malevolis

311 1132 514 1179 adulatus
552 1131 706 1178 videar
732 1132 845 1179 effe:
872 1132 945 1179 sed
971 1132 1179 1180 absolvar
1210 1146 1369 1181 contra
1403 1133 1597 1181 livorem

311 1205 658 1266 improborum,
684 1220 786 1250 cum
817 1205 867 1251 &
901 1205 1019 1266 apud
1047 1205 1161 1252 alios
1185 1207 1353 1254 clarum
1380 1204 1465 1252 effe
1497 1222 1600 1268 per-

310 1278 545 1340 spexerim.
563 1277 644 1324 His
662 1275 877 1341 jungendi
897 1277 995 1323 sunt
1022 1277 1365 1336 Diocletianus,
1383 1278 1503 1325 aurei
1523 1295 1598 1340 pa-

314 1366 416 1396 rens
444 1350 611 1405 seculi,
630 1350 680 1397 &
707 1349 1035 1407 Maximianus,
1058 1364 1107 1397 ut
1134 1351 1275 1414 vulgo
1303 1351 1490 1408 dicitur,
1513 1350 1597 1396 fer-

313 1423 406 1478 rei,
427 1423 655 1486 ceterique
682 1422 735 1468 ad
758 1421 966 1482 pietatem
987 1434 1125 1469 tuam.
1147 1423 1216 1469 Te
1242 1439 1354 1470 vero
1370 1459 1384 1480 ‚
1404 1424 1598 1486 Auguste

313 1495 619 1553 venerabilis,
653 1494 804 1541 multis
838 1493 1037 1558 paginis,
1068 1493 1316 1559 iisdemque
1350 1495 1599 1543 disertiori-

314 1568 396 1613 bus
409 1603 422 1624 ,
443 1565 854 1631 illiprosequentur
867 1601 881 1623 ‚
899 1566 1061 1630 quibus
1082 1566 1126 1613 id
1155 1566 1332 1615 felicior
1350 1583 1506 1615 natura
1525 1569 1598 1614 de·

314 1639 479 1686 tulerit.
508 1640 587 1686 His
609 1638 799 1686 addendi
821 1637 920 1685 sunt
947 1637 1173 1698 Licinius,
1194 1642 1384 1687 Severus
1403 1639 1597 1687 Alexan-

314 1715 417 1774 der,
435 1728 566 1778 atque
602 1714 856 1761 Maxentius
877 1745 892 1770 ,
914 1729 1108 1777 quorum
1131 1713 1335 1759 omnium
1362 1712 1429 1774 jus
1455 1713 1502 1760 in
1528 1715 1598 1760 di-

315 1789 487 1835 tionem
511 1802 631 1835 tuam
654 1787 860 1835 devenit:
882 1788 955 1834 sed
971 1787 1048 1844 ita,
1067 1786 1240 1834 utnihil
1261 1792 1417 1835 eorum
1438 1787 1598 1834 virtuti

315 1861 568 1924 derogetur.
595 1862 704 1906 Non
727 1859 847 1907 enirn
867 1875 952 1922 ego
972 1858 1016 1905 id
1038 1858 1194 1906 faciam
1210 1894 1224 1918 ,
1244 1859 1369 1922 quod
1397 1858 1598 1922 plerique

315 1933 557 1996 scriptores
578 1932 741 1989 solent,
759 1944 809 1978 ut
825 1933 877 1978 de
893 1932 962 1978 his
978 1930 1204 1977 detraham
1220 1964 1232 1986 ,
1253 1929 1328 1990 qui
1350 1929 1456 1977 visti
1477 1928 1598 1975 sunt:

317 2025 422 2054 curn
449 2007 723 2070 intelligam,
748 2005 905 2070 gloriae
936 2018 1025 2052 tuae
1054 2003 1290 2060 accedere,
1309 2002 1341 2049 fi
1371 2003 1521 2048 omnia
1545 2003 1599 2049 de

318 2079 434 2141 illis,
453 2097 554 2145 quae
578 2081 699 2128 bona
721 2080 768 2127 in
796 2079 837 2126 se
858 2078 1134 2136 habuerunt,
1166 2091 1274 2124 vera
1298 2074 1565 2139 praedicaro.

714 2264 1193 2285 b—————-—-——-—-
