<?xml version="1.0" encoding="UTF-8"?>
<!DOCTYPE html PUBLIC "-//W3C//DTD XHTML 1.0 Transitional//EN"
    "http://www.w3.org/TR/xhtml1/DTD/xhtml1-transitional.dtd">
<html xmlns="http://www.w3.org/1999/xhtml" xml:lang="en" lang="en">
 <head>
  <title>
</title>
<meta http-equiv="Content-Type" content="text/html;charset=utf-8" />
  <meta name='ocr-system' content='tesseract 3.04.00' />
  <meta name='ocr-capabilities' content='ocr_page ocr_carea ocr_par ocr_line ocrx_word'/>
</head>
<body>
  <div class='ocr_page' id='page_1' title='image "./historiaeaugusta00bipouoft_0269.png"; bbox 0 0 1637 2785; ppageno 0'>
   <div class='ocr_carea' id='block_1_1' title="bbox 325 104 1372 165">
    <p class='ocr_par' dir='ltr' id='par_1_1' title="bbox 325 104 1372 165">
     <span class='ocr_line' id='line_1_1' title="bbox 325 104 1372 165; baseline -0.005 -13"><span class='ocrx_word' id='word_1_1' title='bbox 325 105 687 152; x_wconf 84' lang='lat' dir='ltr'>ANTONINUS</span> <span class='ocrx_word' id='word_1_2' title='bbox 723 104 1131 152; x_wconf 82' lang='lat' dir='ltr'>CARACALLUS.</span> <span class='ocrx_word' id='word_1_3' title='bbox 1290 115 1372 165; x_wconf 47' lang='grc' dir='ltr'><strong>μή</strong></span> 
     </span>
    </p>
   </div>
   <div class='ocr_carea' id='block_1_2' title="bbox 98 210 1403 2398">
    <p class='ocr_par' dir='ltr' id='par_1_2' title="bbox 98 210 1385 1005">
     <span class='ocr_line' id='line_1_2' title="bbox 100 210 1379 272; baseline 0.001 -15"><span class='ocrx_word' id='word_1_4' title='bbox 100 210 216 258; x_wconf 79' lang='lat' dir='ltr'><strong>fodit</strong></span> <span class='ocrx_word' id='word_1_5' title='bbox 235 230 245 259; x_wconf 91' lang='lat'>:</span> <span class='ocrx_word' id='word_1_6' title='bbox 273 213 691 272; x_wconf 81' lang='lat' dir='ltr'>conclamatumque</span> <span class='ocrx_word' id='word_1_7' title='bbox 715 212 770 257; x_wconf 89' lang='lat' dir='ltr'><strong>ab</strong></span> <span class='ocrx_word' id='word_1_8' title='bbox 792 211 1003 257; x_wconf 82' lang='lat' dir='ltr'><strong>omnibus</strong></span> <span class='ocrx_word' id='word_1_9' title='bbox 1022 210 1108 268; x_wconf 88' lang='lat' dir='ltr'><strong>est,</strong></span> <span class='ocrx_word' id='word_1_10' title='bbox 1129 211 1171 257; x_wconf 90' lang='lat' dir='ltr'><strong>id</strong></span> <span class='ocrx_word' id='word_1_11' title='bbox 1191 212 1379 258; x_wconf 85' lang='lat' dir='ltr'><strong>Martia-</strong></span> 
     </span>
     <span class='ocr_line' id='line_1_3' title="bbox 98 285 1385 350; baseline 0.001 -18"><span class='ocrx_word' id='word_1_12' title='bbox 98 287 186 333; x_wconf 90' lang='lat' dir='ltr'><strong>lem</strong></span> <span class='ocrx_word' id='word_1_13' title='bbox 207 287 367 334; x_wconf 75' lang='lat' dir='ltr'><strong>fecisse.</strong></span> <span class='ocrx_word' id='word_1_14' title='bbox 396 289 451 333; x_wconf 89' lang='lat' dir='ltr'><strong>Et</strong></span> <span class='ocrx_word' id='word_1_15' title='bbox 471 287 684 350; x_wconf 90' lang='lat' dir='ltr'><strong>quoniam</strong></span> <span class='ocrx_word' id='word_1_16' title='bbox 707 285 797 332; x_wconf 88' lang='lat' dir='ltr'><strong>Dei</strong></span> <span class='ocrx_word' id='word_1_17' title='bbox 827 285 942 330; x_wconf 91' lang='lat' dir='ltr'><strong>Luni</strong></span> <span class='ocrx_word' id='word_1_18' title='bbox 964 285 1150 332; x_wconf 85' lang='lat' dir='ltr'><strong>fecimus</strong></span> <span class='ocrx_word' id='word_1_19' title='bbox 1179 287 1385 333; x_wconf 86' lang='lat' dir='ltr'><strong>mentio--</strong></span> 
     </span>
     <span class='ocr_line' id='line_1_4' title="bbox 99 357 1381 420; baseline 0.002 -16"><span class='ocrx_word' id='word_1_20' title='bbox 99 376 201 406; x_wconf 89' lang='lat' dir='ltr'><strong>nem</strong></span> <span class='ocrx_word' id='word_1_21' title='bbox 221 395 233 415; x_wconf 90' lang='lat'>‚</span> <span class='ocrx_word' id='word_1_22' title='bbox 253 359 474 405; x_wconf 90' lang='lat' dir='ltr'><strong>sciendum</strong></span> <span class='ocrx_word' id='word_1_23' title='bbox 489 394 502 417; x_wconf 91' lang='lat'><strong>,</strong></span> <span class='ocrx_word' id='word_1_24' title='bbox 523 357 777 405; x_wconf 72' lang='lat' dir='ltr'><strong>doffiffimis</strong></span> <span class='ocrx_word' id='word_1_25' title='bbox 797 358 1047 420; x_wconf 82' lang='lat' dir='ltr'><strong>quibusque</strong></span> <span class='ocrx_word' id='word_1_26' title='bbox 1077 358 1121 403; x_wconf 88' lang='lat' dir='ltr'><strong>id</strong></span> <span class='ocrx_word' id='word_1_27' title='bbox 1151 360 1381 406; x_wconf 81' lang='lat' dir='ltr'><strong>memoriae</strong></span> 
     </span>
     <span class='ocr_line' id='line_1_5' title="bbox 100 432 1381 495; baseline 0.001 -16"><span class='ocrx_word' id='word_1_28' title='bbox 100 432 304 479; x_wconf 88' lang='lat' dir='ltr'><strong>traditum</strong></span> <span class='ocrx_word' id='word_1_29' title='bbox 320 467 334 490; x_wconf 90' lang='lat'>‚</span> <span class='ocrx_word' id='word_1_30' title='bbox 353 446 487 495; x_wconf 91' lang='lat' dir='ltr'><strong>atque</strong></span> <span class='ocrx_word' id='word_1_31' title='bbox 514 433 571 479; x_wconf 86' lang='lat' dir='ltr'><strong>ita</strong></span> <span class='ocrx_word' id='word_1_32' title='bbox 591 449 710 479; x_wconf 88' lang='lat' dir='ltr'><strong>nunc</strong></span> <span class='ocrx_word' id='word_1_33' title='bbox 733 447 916 494; x_wconf 87' lang='lat' dir='ltr'><strong>quoque</strong></span> <span class='ocrx_word' id='word_1_34' title='bbox 938 448 961 477; x_wconf 93' lang='lat' dir='ltr'><strong>a</strong></span> <span class='ocrx_word' id='word_1_35' title='bbox 985 432 1196 478; x_wconf 85' lang='lat' dir='ltr'><strong>Carrenis</strong></span> <span class='ocrx_word' id='word_1_36' title='bbox 1221 434 1381 494; x_wconf 85' lang='lat' dir='ltr'><strong>praeci-</strong></span> 
     </span>
     <span class='ocr_line' id='line_1_6' title="bbox 99 503 1382 571; baseline -0.002 -17"><span class='ocrx_word' id='word_1_37' title='bbox 99 525 184 571; x_wconf 90' lang='lat' dir='ltr'><strong>pue</strong></span> <span class='ocrx_word' id='word_1_38' title='bbox 205 505 354 553; x_wconf 90' lang='lat' dir='ltr'><strong>haberi</strong></span> <span class='ocrx_word' id='word_1_39' title='bbox 370 541 382 561; x_wconf 94' lang='lat'>,</span> <span class='ocrx_word' id='word_1_40' title='bbox 402 518 473 562; x_wconf 92' lang='lat' dir='ltr'><strong>ut,</strong></span> <span class='ocrx_word' id='word_1_41' title='bbox 494 506 570 568; x_wconf 90' lang='lat' dir='ltr'><strong>qui</strong></span> <span class='ocrx_word' id='word_1_42' title='bbox 589 507 759 551; x_wconf 90' lang='lat' dir='ltr'><strong>Lunam</strong></span> <span class='ocrx_word' id='word_1_43' title='bbox 777 503 971 551; x_wconf 88' lang='lat' dir='ltr'><strong>femineo</strong></span> <span class='ocrx_word' id='word_1_44' title='bbox 990 505 1177 550; x_wconf 85' lang='lat' dir='ltr'><strong>nomine</strong></span> <span class='ocrx_word' id='word_1_45' title='bbox 1204 522 1255 551; x_wconf 89' lang='lat' dir='ltr'><strong>ac</strong></span> <span class='ocrx_word' id='word_1_46' title='bbox 1277 506 1382 553; x_wconf 78' lang='lat' dir='ltr'><strong>sexu</strong></span> 
     </span>
     <span class='ocr_line' id='line_1_7' title="bbox 98 577 1382 644; baseline 0.001 -18"><span class='ocrx_word' id='word_1_47' title='bbox 98 580 327 644; x_wconf 89' lang='lat' dir='ltr'><strong>putaverit</strong></span> <span class='ocrx_word' id='word_1_48' title='bbox 342 579 702 641; x_wconf 80' lang='lat' dir='ltr'><strong>nuncupandam,</strong></span> <span class='ocrx_word' id='word_1_49' title='bbox 721 577 757 624; x_wconf 88' lang='lat' dir='ltr'><strong>is</strong></span> <span class='ocrx_word' id='word_1_50' title='bbox 776 577 971 624; x_wconf 63' lang='lat' dir='ltr'><strong>addictus</strong></span> <span class='ocrx_word' id='word_1_51' title='bbox 993 578 1252 626; x_wconf 85' lang='lat' dir='ltr'><strong>mulieribus</strong></span> <span class='ocrx_word' id='word_1_52' title='bbox 1271 580 1382 627; x_wconf 87' lang='lat' dir='ltr'><strong>sem·</strong></span> 
     </span>
     <span class='ocr_line' id='line_1_8' title="bbox 98 649 1382 716; baseline -0.001 -18"><span class='ocrx_word' id='word_1_53' title='bbox 98 669 178 716; x_wconf 88' lang='lat' dir='ltr'><strong>per</strong></span> <span class='ocrx_word' id='word_1_54' title='bbox 207 650 452 698; x_wconf 82' lang='lat' dir='ltr'>inserviat:</span> <span class='ocrx_word' id='word_1_55' title='bbox 482 663 525 696; x_wconf 92' lang='lat' dir='ltr'><strong>at</strong></span> <span class='ocrx_word' id='word_1_56' title='bbox 554 666 667 696; x_wconf 90' lang='lat' dir='ltr'><strong>vero</strong></span> <span class='ocrx_word' id='word_1_57' title='bbox 697 649 774 712; x_wconf 89' lang='lat' dir='ltr'><strong>qui</strong></span> <span class='ocrx_word' id='word_1_58' title='bbox 803 663 968 696; x_wconf 86' lang='lat' dir='ltr'><strong>marem</strong></span> <span class='ocrx_word' id='word_1_59' title='bbox 991 649 1145 696; x_wconf 92' lang='lat' dir='ltr'><strong>Deum</strong></span> <span class='ocrx_word' id='word_1_60' title='bbox 1177 649 1262 697; x_wconf 81' lang='lat' dir='ltr'><strong>effe</strong></span> <span class='ocrx_word' id='word_1_61' title='bbox 1283 668 1382 698; x_wconf 80' lang='lat' dir='ltr'><strong>cre-</strong></span> 
     </span>
     <span class='ocr_line' id='line_1_9' title="bbox 100 722 1384 784; baseline -0.001 -14"><span class='ocrx_word' id='word_1_62' title='bbox 100 724 287 781; x_wconf 88' lang='lat' dir='ltr'><strong>diderit,</strong></span> <span class='ocrx_word' id='word_1_63' title='bbox 310 723 344 769; x_wconf 89' lang='lat' dir='ltr'><strong>is</strong></span> <span class='ocrx_word' id='word_1_64' title='bbox 376 722 635 769; x_wconf 83' lang='lat' dir='ltr'><strong>dominetur</strong></span> <span class='ocrx_word' id='word_1_65' title='bbox 663 722 825 781; x_wconf 83' lang='lat' dir='ltr'><strong>uxori,</strong></span> <span class='ocrx_word' id='word_1_66' title='bbox 854 737 997 784; x_wconf 86' lang='lat' dir='ltr'><strong>neque</strong></span> <span class='ocrx_word' id='word_1_67' title='bbox 1020 722 1128 768; x_wconf 86' lang='lat' dir='ltr'><strong>ullas</strong></span> <span class='ocrx_word' id='word_1_68' title='bbox 1146 722 1384 770; x_wconf 81' lang='lat' dir='ltr'><strong>muliebres</strong></span> 
     </span>
     <span class='ocr_line' id='line_1_10' title="bbox 101 794 1385 860; baseline -0.001 -17"><span class='ocrx_word' id='word_1_69' title='bbox 101 796 294 860; x_wconf 87' lang='lat' dir='ltr'><strong>patiatur</strong></span> <span class='ocrx_word' id='word_1_70' title='bbox 314 794 503 843; x_wconf 83' lang='lat' dir='ltr'><strong>infidias.</strong></span> <span class='ocrx_word' id='word_1_71' title='bbox 519 795 666 852; x_wconf 83' lang='lat' dir='ltr'><strong>Unde,</strong></span> <span class='ocrx_word' id='word_1_72' title='bbox 686 794 894 858; x_wconf 88' lang='lat' dir='ltr'><strong>quamvis</strong></span> <span class='ocrx_word' id='word_1_73' title='bbox 913 794 1066 842; x_wconf 83' lang='lat' dir='ltr'><strong>Graeci</strong></span> <span class='ocrx_word' id='word_1_74' title='bbox 1090 795 1160 841; x_wconf 88' lang='lat' dir='ltr'><strong>vel</strong></span> <span class='ocrx_word' id='word_1_75' title='bbox 1179 795 1385 859; x_wconf 80' lang='lat' dir='ltr'><strong>AEgyptii</strong></span> 
     </span>
     <span class='ocr_line' id='line_1_11' title="bbox 103 866 1384 932; baseline -0.002 -15"><span class='ocrx_word' id='word_1_76' title='bbox 103 885 165 917; x_wconf 91' lang='lat' dir='ltr'><strong>eo</strong></span> <span class='ocrx_word' id='word_1_77' title='bbox 191 884 380 932; x_wconf 86' lang='lat' dir='ltr'><strong>genere,</strong></span> <span class='ocrx_word' id='word_1_78' title='bbox 408 884 501 931; x_wconf 92' lang='lat' dir='ltr'><strong>quo</strong></span> <span class='ocrx_word' id='word_1_79' title='bbox 528 867 739 914; x_wconf 86' lang='lat' dir='ltr'><strong>feminam</strong></span> <span class='ocrx_word' id='word_1_80' title='bbox 767 867 1030 923; x_wconf 88' lang='lat' dir='ltr'><strong>hominem,</strong></span> <span class='ocrx_word' id='word_1_81' title='bbox 1059 866 1192 914; x_wconf 91' lang='lat' dir='ltr'><strong>etiam</strong></span> <span class='ocrx_word' id='word_1_82' title='bbox 1213 870 1384 915; x_wconf 86' lang='lat' dir='ltr'><strong>Lunam</strong></span> 
     </span>
     <span class='ocr_line' id='line_1_12' title="bbox 101 939 1224 1005; baseline 0 -17"><span class='ocrx_word' id='word_1_83' title='bbox 101 942 250 990; x_wconf 87' lang='lat' dir='ltr'><strong>Deam</strong></span> <span class='ocrx_word' id='word_1_84' title='bbox 278 941 456 999; x_wconf 88' lang='lat' dir='ltr'><strong>dicant,</strong></span> <span class='ocrx_word' id='word_1_85' title='bbox 478 940 668 1005; x_wconf 83' lang='lat' dir='ltr'><strong>mystice</strong></span> <span class='ocrx_word' id='word_1_86' title='bbox 699 954 848 989; x_wconf 88' lang='lat' dir='ltr'><strong>tamen</strong></span> <span class='ocrx_word' id='word_1_87' title='bbox 877 941 1029 988; x_wconf 89' lang='lat' dir='ltr'><strong>Deum</strong></span> <span class='ocrx_word' id='word_1_88' title='bbox 1055 939 1224 991; x_wconf 84' lang='lat' dir='ltr'><strong>dicunt.</strong></span> 
     </span>
    </p>

    <p class='ocr_par' dir='ltr' id='par_1_3' title="bbox 104 1014 1403 2398">
     <span class='ocr_line' id='line_1_13' title="bbox 169 1014 1390 1080; baseline 0 -17"><span class='ocrx_word' id='word_1_89' title='bbox 169 1020 281 1063; x_wconf 84' lang='lat' dir='ltr'>V111.</span> <span class='ocrx_word' id='word_1_90' title='bbox 305 1016 412 1064; x_wconf 87' lang='lat' dir='ltr'><strong>Scio</strong></span> <span class='ocrx_word' id='word_1_91' title='bbox 430 1016 484 1064; x_wconf 91' lang='lat' dir='ltr'><strong>de</strong></span> <span class='ocrx_word' id='word_1_92' title='bbox 510 1015 740 1080; x_wconf 82' lang='lat' dir='ltr'><strong>Papiniani</strong></span> <span class='ocrx_word' id='word_1_93' title='bbox 760 1032 866 1064; x_wconf 90' lang='lat' dir='ltr'><strong>nece</strong></span> <span class='ocrx_word' id='word_1_94' title='bbox 893 1015 1061 1063; x_wconf 88' lang='lat' dir='ltr'><strong>multos</strong></span> <span class='ocrx_word' id='word_1_95' title='bbox 1086 1014 1145 1062; x_wconf 90' lang='lat' dir='ltr'><strong>ita</strong></span> <span class='ocrx_word' id='word_1_96' title='bbox 1163 1015 1211 1062; x_wconf 90' lang='lat' dir='ltr'><strong>in</strong></span> <span class='ocrx_word' id='word_1_97' title='bbox 1242 1015 1390 1063; x_wconf 78' lang='lat' dir='ltr'><strong>literas</strong></span> 
     </span>
     <span class='ocr_line' id='line_1_14' title="bbox 104 1089 1390 1147; baseline -0.002 -8"><span class='ocrx_word' id='word_1_98' title='bbox 104 1090 323 1147; x_wconf 75' lang='lat' dir='ltr'><strong>retulifl‘e,</strong></span> <span class='ocrx_word' id='word_1_99' title='bbox 345 1103 395 1137; x_wconf 90' lang='lat' dir='ltr'><strong>ut</strong></span> <span class='ocrx_word' id='word_1_100' title='bbox 414 1090 547 1138; x_wconf 86' lang='lat' dir='ltr'><strong>caedis</strong></span> <span class='ocrx_word' id='word_1_101' title='bbox 576 1107 670 1138; x_wconf 88' lang='lat' dir='ltr'><strong>non</strong></span> <span class='ocrx_word' id='word_1_102' title='bbox 702 1089 915 1138; x_wconf 88' lang='lat' dir='ltr'><strong>sciverint</strong></span> <span class='ocrx_word' id='word_1_103' title='bbox 945 1089 1116 1138; x_wconf 87' lang='lat' dir='ltr'><strong>causam</strong></span> <span class='ocrx_word' id='word_1_104' title='bbox 1134 1125 1148 1147; x_wconf 93' lang='lat'><strong><em>‚</em></strong></span> <span class='ocrx_word' id='word_1_105' title='bbox 1178 1089 1277 1137; x_wconf 90' lang='lat' dir='ltr'><strong>aliis</strong></span> <span class='ocrx_word' id='word_1_106' title='bbox 1303 1091 1390 1137; x_wconf 90' lang='lat' dir='ltr'><strong>alia</strong></span> 
     </span>
     <span class='ocr_line' id='line_1_15' title="bbox 105 1162 1391 1227; baseline -0.001 -15"><span class='ocrx_word' id='word_1_107' title='bbox 105 1163 428 1212; x_wconf 85' lang='lat' dir='ltr'><strong>referentibus:</strong></span> <span class='ocrx_word' id='word_1_108' title='bbox 455 1163 528 1211; x_wconf 88' lang='lat' dir='ltr'><strong>sed</strong></span> <span class='ocrx_word' id='word_1_109' title='bbox 553 1180 641 1227; x_wconf 85' lang='lat' dir='ltr'><strong>ego</strong></span> <span class='ocrx_word' id='word_1_110' title='bbox 675 1163 811 1211; x_wconf 87' lang='lat' dir='ltr'><strong>malui</strong></span> <span class='ocrx_word' id='word_1_111' title='bbox 847 1163 1082 1212; x_wconf 86' lang='lat' dir='ltr'><strong>veritatem</strong></span> <span class='ocrx_word' id='word_1_112' title='bbox 1115 1162 1391 1226; x_wconf 85' lang='lat' dir='ltr'><strong>opinionum</strong></span> 
     </span>
     <span class='ocr_line' id='line_1_16' title="bbox 107 1235 1393 1300; baseline -0.001 -15"><span class='ocrx_word' id='word_1_113' title='bbox 107 1238 254 1295; x_wconf 90' lang='lat' dir='ltr'><strong>edere,</strong></span> <span class='ocrx_word' id='word_1_114' title='bbox 272 1253 405 1300; x_wconf 88' lang='lat' dir='ltr'><strong>quam</strong></span> <span class='ocrx_word' id='word_1_115' title='bbox 423 1236 478 1283; x_wconf 91' lang='lat' dir='ltr'><strong>de</strong></span> <span class='ocrx_word' id='word_1_116' title='bbox 499 1237 609 1283; x_wconf 84' lang='lat' dir='ltr'><strong>tanti</strong></span> <span class='ocrx_word' id='word_1_117' title='bbox 627 1235 716 1283; x_wconf 85' lang='lat' dir='ltr'><strong>viri</strong></span> <span class='ocrx_word' id='word_1_118' title='bbox 736 1237 855 1284; x_wconf 85' lang='lat' dir='ltr'><strong>caede</strong></span> <span class='ocrx_word' id='word_1_119' title='bbox 875 1237 1074 1284; x_wconf 87' lang='lat' dir='ltr'><strong>reticere.</strong></span> <span class='ocrx_word' id='word_1_120' title='bbox 1097 1235 1393 1299; x_wconf 70' lang='lat' dir='ltr'><strong>Papinianum</strong></span> 
     </span>
     <span class='ocr_line' id='line_1_17' title="bbox 106 1309 1394 1373; baseline -0.002 -14"><span class='ocrx_word' id='word_1_121' title='bbox 106 1310 415 1359; x_wconf 65' lang='lat' dir='ltr'><strong>amicissimum</strong></span> <span class='ocrx_word' id='word_1_122' title='bbox 435 1309 558 1357; x_wconf 85' lang='lat' dir='ltr'><strong>fuiffe</strong></span> <span class='ocrx_word' id='word_1_123' title='bbox 579 1309 845 1372; x_wconf 86' lang='lat' dir='ltr'><strong>Imperatori</strong></span> <span class='ocrx_word' id='word_1_124' title='bbox 870 1312 1038 1359; x_wconf 86' lang='lat' dir='ltr'><strong>Severo</strong></span> <span class='ocrx_word' id='word_1_125' title='bbox 1052 1345 1065 1368; x_wconf 93' lang='lat'><em>‚</em></span> <span class='ocrx_word' id='word_1_126' title='bbox 1088 1312 1164 1367; x_wconf 88' lang='lat'><strong>&amp;‚</strong></span> <span class='ocrx_word' id='word_1_127' title='bbox 1180 1323 1229 1357; x_wconf 88' lang='lat' dir='ltr'><strong>ut</strong></span> <span class='ocrx_word' id='word_1_128' title='bbox 1253 1311 1394 1373; x_wconf 83' lang='lat' dir='ltr'><strong>aliqui</strong></span> 
     </span>
     <span class='ocr_line' id='line_1_18' title="bbox 106 1382 1392 1448; baseline -0.002 -17"><span class='ocrx_word' id='word_1_129' title='bbox 106 1385 386 1448; x_wconf 83' lang='lat' dir='ltr'><strong>loquuntur,</strong></span> <span class='ocrx_word' id='word_1_130' title='bbox 407 1382 583 1430; x_wconf 87' lang='lat' dir='ltr'><strong>affinem</strong></span> <span class='ocrx_word' id='word_1_131' title='bbox 609 1382 741 1430; x_wconf 90' lang='lat' dir='ltr'><strong>etiam</strong></span> <span class='ocrx_word' id='word_1_132' title='bbox 777 1400 856 1446; x_wconf 89' lang='lat' dir='ltr'><strong>per</strong></span> <span class='ocrx_word' id='word_1_133' title='bbox 886 1383 1121 1430; x_wconf 87' lang='lat' dir='ltr'><strong>secundam</strong></span> <span class='ocrx_word' id='word_1_134' title='bbox 1159 1398 1351 1429; x_wconf 84' lang='lat' dir='ltr'><strong>uxorem</strong></span> <span class='ocrx_word' id='word_1_135' title='bbox 1376 1418 1392 1440; x_wconf 87' lang='lat'><strong>,</strong></span> 
     </span>
     <span class='ocr_line' id='line_1_19' title="bbox 107 1456 1392 1519; baseline -0.003 -13"><span class='ocrx_word' id='word_1_136' title='bbox 107 1457 340 1506; x_wconf 80' lang='lat' dir='ltr'><strong>memoriae</strong></span> <span class='ocrx_word' id='word_1_137' title='bbox 370 1456 578 1504; x_wconf 89' lang='lat' dir='ltr'><strong>traditur:</strong></span> <span class='ocrx_word' id='word_1_138' title='bbox 599 1456 649 1504; x_wconf 89' lang='lat'>&amp;</span> <span class='ocrx_word' id='word_1_139' title='bbox 679 1456 787 1504; x_wconf 91' lang='lat' dir='ltr'><strong>huie</strong></span> <span class='ocrx_word' id='word_1_140' title='bbox 819 1457 1044 1519; x_wconf 84' lang='lat' dir='ltr'><strong>praecipue</strong></span> <span class='ocrx_word' id='word_1_141' title='bbox 1070 1470 1311 1517; x_wconf 90' lang='lat' dir='ltr'><strong>utrumque</strong></span> <span class='ocrx_word' id='word_1_142' title='bbox 1333 1456 1392 1502; x_wconf 83' lang='lat' dir='ltr'><strong>fi-</strong></span> 
     </span>
     <span class='ocr_line' id='line_1_20' title="bbox 107 1530 1393 1592; baseline -0.002 -13"><span class='ocrx_word' id='word_1_143' title='bbox 107 1533 220 1580; x_wconf 90' lang='lat' dir='ltr'><strong>lium</strong></span> <span class='ocrx_word' id='word_1_144' title='bbox 247 1549 271 1579; x_wconf 90' lang='lat' dir='ltr'><strong>a</strong></span> <span class='ocrx_word' id='word_1_145' title='bbox 289 1533 457 1579; x_wconf 88' lang='lat' dir='ltr'><strong>Severo</strong></span> <span class='ocrx_word' id='word_1_146' title='bbox 476 1530 864 1586; x_wconf 82' lang='lat' dir='ltr'><strong>commendatum,</strong></span> <span class='ocrx_word' id='word_1_147' title='bbox 884 1546 1078 1592; x_wconf 85' lang='lat' dir='ltr'><strong>eumque</strong></span> <span class='ocrx_word' id='word_1_148' title='bbox 1098 1546 1200 1575; x_wconf 88' lang='lat' dir='ltr'><strong>cum</strong></span> <span class='ocrx_word' id='word_1_149' title='bbox 1222 1531 1393 1576; x_wconf 84' lang='lat' dir='ltr'><strong>Severo</strong></span> 
     </span>
     <span class='ocr_line' id='line_1_21' title="bbox 109 1601 1394 1668; baseline -0.002 -16"><span class='ocrx_word' id='word_1_150' title='bbox 109 1605 354 1668; x_wconf 80' lang='lat' dir='ltr'><strong>pro‘feffum</strong></span> <span class='ocrx_word' id='word_1_151' title='bbox 384 1604 462 1649; x_wconf 85' lang='lat' dir='ltr'><strong>sub</strong></span> <span class='ocrx_word' id='word_1_152' title='bbox 490 1603 723 1660; x_wconf 85' lang='lat' dir='ltr'><strong>Scaevola,</strong></span> <span class='ocrx_word' id='word_1_153' title='bbox 744 1604 793 1649; x_wconf 77' lang='grc' dir='ltr'><strong>δι</strong></span> <span class='ocrx_word' id='word_1_154' title='bbox 818 1602 989 1648; x_wconf 87' lang='lat' dir='ltr'><strong>Severo</strong></span> <span class='ocrx_word' id='word_1_155' title='bbox 1018 1601 1062 1647; x_wconf 90' lang='lat' dir='ltr'><strong>in</strong></span> <span class='ocrx_word' id='word_1_156' title='bbox 1088 1602 1394 1650; x_wconf 87' lang='lat' dir='ltr'><strong>advocatione</strong></span> 
     </span>
     <span class='ocr_line' id='line_1_22' title="bbox 111 1674 1393 1738; baseline -0.002 -13"><span class='ocrx_word' id='word_1_157' title='bbox 111 1677 208 1725; x_wconf 89' lang='lat' dir='ltr'><strong>fisci</strong></span> <span class='ocrx_word' id='word_1_158' title='bbox 237 1676 501 1733; x_wconf 86' lang='lat' dir='ltr'><strong>succeffiffe,</strong></span> <span class='ocrx_word' id='word_1_159' title='bbox 525 1688 659 1738; x_wconf 85' lang='lat' dir='ltr'><strong>atque</strong></span> <span class='ocrx_word' id='word_1_160' title='bbox 688 1676 743 1722; x_wconf 90' lang='lat' dir='ltr'><strong>ad</strong></span> <span class='ocrx_word' id='word_1_161' title='bbox 769 1676 860 1723; x_wconf 90' lang='lat' dir='ltr'><strong>hoc</strong></span> <span class='ocrx_word' id='word_1_162' title='bbox 887 1675 1183 1723; x_wconf 89' lang='lat' dir='ltr'><strong>concordiam</strong></span> <span class='ocrx_word' id='word_1_163' title='bbox 1205 1674 1393 1722; x_wconf 82' lang='lat' dir='ltr'><strong>fratrum</strong></span> 
     </span>
     <span class='ocr_line' id='line_1_23' title="bbox 113 1745 1396 1811; baseline -0.002 -15"><span class='ocrx_word' id='word_1_164' title='bbox 113 1749 455 1796; x_wconf 88' lang='lat' dir='ltr'><strong>Antoninorum</strong></span> <span class='ocrx_word' id='word_1_165' title='bbox 472 1747 659 1795; x_wconf 83' lang='lat' dir='ltr'><strong>foviffe:</strong></span> <span class='ocrx_word' id='word_1_166' title='bbox 680 1746 811 1811; x_wconf 81' lang='lat' dir='ltr'><strong>egiffe</strong></span> <span class='ocrx_word' id='word_1_167' title='bbox 830 1746 938 1809; x_wconf 89' lang='lat' dir='ltr'><strong>quin</strong></span> <span class='ocrx_word' id='word_1_168' title='bbox 959 1745 1092 1792; x_wconf 88' lang='lat' dir='ltr'><strong>etiam</strong></span> <span class='ocrx_word' id='word_1_169' title='bbox 1106 1780 1120 1804; x_wconf 92' lang='lat'>,</span> <span class='ocrx_word' id='word_1_170' title='bbox 1136 1762 1191 1792; x_wconf 86' lang='lat' dir='ltr'><strong>ne</strong></span> <span class='ocrx_word' id='word_1_171' title='bbox 1213 1747 1396 1794; x_wconf 86' lang='lat' dir='ltr'><strong>occide-</strong></span> 
     </span>
     <span class='ocr_line' id='line_1_24' title="bbox 112 1820 1395 1884; baseline -0.005 -13"><span class='ocrx_word' id='word_1_172' title='bbox 112 1840 269 1882; x_wconf 87' lang='lat' dir='ltr'><strong>retur,</strong></span> <span class='ocrx_word' id='word_1_173' title='bbox 297 1840 398 1870; x_wconf 87' lang='lat' dir='ltr'><strong>cum</strong></span> <span class='ocrx_word' id='word_1_174' title='bbox 425 1821 512 1884; x_wconf 81' lang='lat' dir='ltr'><strong>jam</strong></span> <span class='ocrx_word' id='word_1_175' title='bbox 543 1823 598 1870; x_wconf 93' lang='lat' dir='ltr'><strong>de</strong></span> <span class='ocrx_word' id='word_1_176' title='bbox 625 1821 790 1868; x_wconf 79' lang='lat' dir='ltr'><strong>insidiis</strong></span> <span class='ocrx_word' id='word_1_177' title='bbox 815 1820 909 1882; x_wconf 85' lang='lat' dir='ltr'><strong>ejus</strong></span> <span class='ocrx_word' id='word_1_178' title='bbox 938 1821 1162 1867; x_wconf 87' lang='lat' dir='ltr'><strong>Baffianus</strong></span> <span class='ocrx_word' id='word_1_179' title='bbox 1182 1837 1395 1883; x_wconf 85' lang='lat' dir='ltr'><strong>querere-</strong></span> 
     </span>
     <span class='ocr_line' id='line_1_25' title="bbox 112 1893 1397 1959; baseline -0.003 -15"><span class='ocrx_word' id='word_1_180' title='bbox 112 1908 216 1944; x_wconf 79' lang='lat' dir='ltr'><strong>tur:</strong></span> <span class='ocrx_word' id='word_1_181' title='bbox 242 1909 376 1959; x_wconf 88' lang='lat' dir='ltr'><strong>atque</strong></span> <span class='ocrx_word' id='word_1_182' title='bbox 401 1895 504 1942; x_wconf 88' lang='lat' dir='ltr'><strong>ideo</strong></span> <span class='ocrx_word' id='word_1_183' title='bbox 525 1912 612 1942; x_wconf 91' lang='lat' dir='ltr'><strong>una</strong></span> <span class='ocrx_word' id='word_1_184' title='bbox 638 1911 741 1942; x_wconf 91' lang='lat' dir='ltr'><strong>cum</strong></span> <span class='ocrx_word' id='word_1_185' title='bbox 767 1894 818 1941; x_wconf 88' lang='lat' dir='ltr'><strong>iis</strong></span> <span class='ocrx_word' id='word_1_186' title='bbox 836 1929 850 1952; x_wconf 87' lang='lat'>,</span> <span class='ocrx_word' id='word_1_187' title='bbox 883 1894 961 1958; x_wconf 87' lang='lat' dir='ltr'><strong>qui</strong></span> <span class='ocrx_word' id='word_1_188' title='bbox 991 1893 1190 1941; x_wconf 90' lang='lat' dir='ltr'><strong>fautores</strong></span> <span class='ocrx_word' id='word_1_189' title='bbox 1219 1893 1397 1941; x_wconf 87' lang='lat' dir='ltr'><strong>fuerant</strong></span> 
     </span>
     <span class='ocr_line' id='line_1_26' title="bbox 117 1965 1398 2028; baseline -0.003 -12"><span class='ocrx_word' id='word_1_190' title='bbox 117 1971 273 2023; x_wconf 88' lang='lat' dir='ltr'><strong>Getae‚</strong></span> <span class='ocrx_word' id='word_1_191' title='bbox 300 1986 324 2015; x_wconf 92' lang='lat' dir='ltr'><strong>a</strong></span> <span class='ocrx_word' id='word_1_192' title='bbox 350 1968 563 2015; x_wconf 87' lang='lat' dir='ltr'><strong>militibus</strong></span> <span class='ocrx_word' id='word_1_193' title='bbox 580 2002 593 2025; x_wconf 90' lang='lat'><em>‚</em></span> <span class='ocrx_word' id='word_1_194' title='bbox 622 1984 716 2014; x_wconf 90' lang='lat' dir='ltr'><strong>non</strong></span> <span class='ocrx_word' id='word_1_195' title='bbox 744 1966 885 2014; x_wconf 88' lang='lat' dir='ltr'><strong>solum</strong></span> <span class='ocrx_word' id='word_1_196' title='bbox 906 1965 1219 2028; x_wconf 85' lang='lat' dir='ltr'><strong>permittente,</strong></span> <span class='ocrx_word' id='word_1_197' title='bbox 1239 1982 1398 2012; x_wconf 90' lang='lat' dir='ltr'><strong>verum</strong></span> 
     </span>
     <span class='ocr_line' id='line_1_27' title="bbox 115 2037 1400 2097; baseline -0.004 -9"><span class='ocrx_word' id='word_1_198' title='bbox 115 2041 250 2089; x_wconf 84' lang='lat' dir='ltr'><strong>etiam</strong></span> <span class='ocrx_word' id='word_1_199' title='bbox 281 2041 489 2088; x_wconf 88' lang='lat' dir='ltr'><strong>suadente</strong></span> <span class='ocrx_word' id='word_1_200' title='bbox 514 2040 756 2087; x_wconf 88' lang='lat' dir='ltr'><strong>Antonino</strong></span> <span class='ocrx_word' id='word_1_201' title='bbox 773 2074 786 2097; x_wconf 96' lang='lat'>,</span> <span class='ocrx_word' id='word_1_202' title='bbox 806 2038 1019 2087; x_wconf 90' lang='lat' dir='ltr'><strong>occisum.</strong></span> <span class='ocrx_word' id='word_1_203' title='bbox 1047 2037 1181 2084; x_wconf 82' lang='lat' dir='ltr'><strong>Multi</strong></span> <span class='ocrx_word' id='word_1_204' title='bbox 1215 2037 1368 2085; x_wconf 87' lang='lat' dir='ltr'><strong>dicunt</strong></span> <span class='ocrx_word' id='word_1_205' title='bbox 1385 2073 1400 2094; x_wconf 86' lang='lat'><strong><em>‚</em></strong></span> 
     </span>
     <span class='ocr_line' id='line_1_28' title="bbox 117 2110 1401 2173; baseline -0.004 -12"><span class='ocrx_word' id='word_1_206' title='bbox 117 2115 369 2162; x_wconf 85' lang='lat' dir='ltr'><strong>Baffianum</strong></span> <span class='ocrx_word' id='word_1_207' title='bbox 388 2149 402 2169; x_wconf 86' lang='lat'>‚</span> <span class='ocrx_word' id='word_1_208' title='bbox 428 2113 586 2162; x_wconf 89' lang='lat' dir='ltr'><strong>occiso</strong></span> <span class='ocrx_word' id='word_1_209' title='bbox 624 2113 786 2173; x_wconf 87' lang='lat' dir='ltr'><strong>fratre,</strong></span> <span class='ocrx_word' id='word_1_210' title='bbox 810 2112 876 2160; x_wconf 88' lang='lat' dir='ltr'><strong>illi</strong></span> <span class='ocrx_word' id='word_1_211' title='bbox 908 2110 1156 2168; x_wconf 78' lang='lat' dir='ltr'><strong>mandasse,</strong></span> <span class='ocrx_word' id='word_1_212' title='bbox 1189 2123 1237 2156; x_wconf 91' lang='lat' dir='ltr'><strong>ut</strong></span> <span class='ocrx_word' id='word_1_213' title='bbox 1275 2112 1325 2157; x_wconf 85' lang='lat'>&amp;</span> <span class='ocrx_word' id='word_1_214' title='bbox 1352 2111 1401 2157; x_wconf 89' lang='lat' dir='ltr'><strong>in</strong></span> 
     </span>
     <span class='ocr_line' id='line_1_29' title="bbox 119 2183 1397 2250; baseline -0.002 -17"><span class='ocrx_word' id='word_1_215' title='bbox 119 2188 285 2234; x_wconf 88' lang='lat' dir='ltr'><strong>Senatu</strong></span> <span class='ocrx_word' id='word_1_216' title='bbox 311 2204 390 2250; x_wconf 90' lang='lat' dir='ltr'><strong>per</strong></span> <span class='ocrx_word' id='word_1_217' title='bbox 419 2187 463 2234; x_wconf 85' lang='lat' dir='ltr'><strong>se</strong></span> <span class='ocrx_word' id='word_1_218' title='bbox 489 2188 540 2236; x_wconf 90' lang='lat'>&amp;</span> <span class='ocrx_word' id='word_1_219' title='bbox 573 2188 692 2250; x_wconf 88' lang='lat' dir='ltr'><strong>apud</strong></span> <span class='ocrx_word' id='word_1_220' title='bbox 718 2185 934 2250; x_wconf 89' lang='lat' dir='ltr'><strong>populum</strong></span> <span class='ocrx_word' id='word_1_221' title='bbox 966 2184 1137 2232; x_wconf 87' lang='lat' dir='ltr'><strong>facinus</strong></span> <span class='ocrx_word' id='word_1_222' title='bbox 1171 2183 1360 2229; x_wconf 87' lang='lat' dir='ltr'><strong>dilueret</strong></span> <span class='ocrx_word' id='word_1_223' title='bbox 1384 2201 1397 2230; x_wconf 69' lang='grc' dir='ltr'><strong><em>ε</em></strong></span> 
     </span>
     <span class='ocr_line' id='line_1_30' title="bbox 119 2258 1399 2324; baseline -0.004 -17"><span class='ocrx_word' id='word_1_224' title='bbox 119 2260 250 2307; x_wconf 82' lang='lat' dir='ltr'><strong>illum</strong></span> <span class='ocrx_word' id='word_1_225' title='bbox 268 2274 415 2307; x_wconf 88' lang='lat' dir='ltr'><strong>autem</strong></span> <span class='ocrx_word' id='word_1_226' title='bbox 433 2260 701 2324; x_wconf 72' lang='lat' dir='ltr'><strong>respondisse</strong></span> <span class='ocrx_word' id='word_1_227' title='bbox 716 2295 730 2317; x_wconf 95' lang='lat'>‚</span> <span class='ocrx_word' id='word_1_228' title='bbox 755 2263 857 2307; x_wconf 86' lang='lat' dir='ltr'><strong>Non</strong></span> <span class='ocrx_word' id='word_1_229' title='bbox 875 2275 962 2306; x_wconf 86' lang='lat' dir='ltr'><strong>tam</strong></span> <span class='ocrx_word' id='word_1_230' title='bbox 974 2259 1109 2318; x_wconf 77' lang='lat' dir='ltr'><strong>facile</strong></span> <span class='ocrx_word' id='word_1_231' title='bbox 1123 2258 1399 2317; x_wconf 82' lang='lat' dir='ltr'><strong>parricidium</strong></span> 
     </span>
     <span class='ocr_line' id='line_1_31' title="bbox 123 2327 1403 2398; baseline -0.003 -18"><span class='ocrx_word' id='word_1_232' title='bbox 123 2335 316 2395; x_wconf 76' lang='lat' dir='ltr'><strong>excufizri</strong></span> <span class='ocrx_word' id='word_1_233' title='bbox 340 2333 482 2398; x_wconf 80' lang='lat' dir='ltr'><strong>poffe,</strong></span> <span class='ocrx_word' id='word_1_234' title='bbox 517 2353 640 2396; x_wconf 85' lang='lat' dir='ltr'><strong>quam</strong></span> <span class='ocrx_word' id='word_1_235' title='bbox 659 2336 769 2395; x_wconf 82' lang='lat' dir='ltr'><strong>fieri.</strong></span> <span class='ocrx_word' id='word_1_236' title='bbox 797 2333 870 2380; x_wconf 84' lang='lat' dir='ltr'><strong>Est</strong></span> <span class='ocrx_word' id='word_1_237' title='bbox 906 2334 1039 2380; x_wconf 89' lang='lat' dir='ltr'><strong>etiam</strong></span> <span class='ocrx_word' id='word_1_238' title='bbox 1076 2331 1172 2376; x_wconf 85' lang='lat' dir='ltr'><strong>haec</strong></span> <span class='ocrx_word' id='word_1_239' title='bbox 1208 2327 1368 2376; x_wconf 85' lang='lat' dir='ltr'><strong>fabella</strong></span> <span class='ocrx_word' id='word_1_240' title='bbox 1387 2364 1403 2386; x_wconf 93' lang='lat'>,</span> 
     </span>
    </p>
   </div>
   <div class='ocr_carea' id='block_1_3' title="bbox 121 2399 1403 2520">
    <p class='ocr_par' dir='ltr' id='par_1_4' title="bbox 121 2399 1403 2520">
     <span class='ocr_line' id='line_1_32' title="bbox 121 2399 1403 2520; baseline -0.005 -65"><span class='ocrx_word' id='word_1_241' title='bbox 121 2408 248 2471; x_wconf 88' lang='lat' dir='ltr'><strong>quod</strong></span> <span class='ocrx_word' id='word_1_242' title='bbox 274 2408 436 2456; x_wconf 59' lang='lat' dir='ltr'><strong>dictare</strong></span> <span class='ocrx_word' id='word_1_243' title='bbox 453 2407 649 2456; x_wconf 83' lang='lat' dir='ltr'><strong>noluerit</strong></span> <span class='ocrx_word' id='word_1_244' title='bbox 675 2406 929 2455; x_wconf 87' lang='lat' dir='ltr'><strong>orationem</strong></span> <span class='ocrx_word' id='word_1_245' title='bbox 947 2440 963 2465; x_wconf 91' lang='lat'>‚</span> <span class='ocrx_word' id='word_1_246' title='bbox 991 2419 1079 2520; x_wconf 41' lang='lat' dir='ltr'><strong>qq?</strong></span> <span class='ocrx_word' id='word_1_247' title='bbox 1097 2399 1403 2448; x_wconf 82' lang='lat' dir='ltr'><strong>invehendum</strong></span> 
     </span>
     <span class='ocr_line' id='line_1_33' title="bbox 1115 2488 1140 2518; baseline 0 0"><span class='ocrx_word' id='word_1_248' title='bbox 1115 2488 1140 2518; x_wconf 88' lang='lat'>2</span> 
     </span>
    </p>
   </div>
  </div>
 </body>
</html>
