1714 2807
327 117 445 202 56'
574 139 784 187 JUL11
830 141 1329 190 CAPtToLtNt

321 243 549 302 Romani,
583 262 683 294 cum
715 248 765 295 δι
792 248 958 296 nobilis
986 249 1088 296 esset
1108 287 1121 307 ‚
1147 252 1196 298 &
1231 266 1371 313 nepos
1399 267 1447 298 ac
1478 250 1596 298 filius

324 318 678 378 Imperatorum,
703 321 753 369 ὃ(
782 321 906 368 bellis
939 323 1148 387 gravibus
1180 337 1320 370 totam
1349 325 1594 385 rempubli-

322 405 418 435 cam
450 390 693 439 liberasset:
723 394 842 455 poffe
872 393 966 441 fieri
985 432 1000 452 ,
1025 409 1070 442 ut
1103 395 1296 444 faffione
1324 397 1595 459 quandoque

321 462 512 509 militum
545 466 784 513 Gordiano
821 469 1073 516 redderetur
1102 469 1367 532 imperium,
1397 487 1496 519 cum
1524 485 1596 516 re-

323 546 473 580 centes
498 536 544 581 in
572 538 856 584 Gordianum
879 539 955 586 irae
983 540 1170 586 militum
1208 542 1331 588 famis
1355 542 1482 589 causa
1513 557 1595 587 ve-

323 607 551 655 hementes
580 610 742 668 effent,
774 612 1036 659 clamantem
1065 627 1164 660 ante
1187 614 1470 677 conspefilum
1494 614 1597 662 duci

322 677 441 737 juffit
456 716 469 736 ,
498 698 547 727 ac
569 681 776 742 spoliari,
798 684 847 730 &
866 683 1029 730 occidi.
1060 685 1184 746 quod
1203 703 1302 732 cum
1323 687 1512 747 primum
1533 686 1596 733 di·

324 751 460 797 latum
491 753 623 810 esset,
652 754 777 816 post,
803 771 849 801 ut
878 755 1020 815 juffit,
1049 755 1278 818 impletum
1311 757 1386 804 est.
1410 759 1471 804 Ita
1499 756 1598 802 Phi·

323 822 468 885 lippus
496 824 657 885 impie,
690 841 785 871 non
808 824 932 885 jure,
960 826 1155 873 obtinuit
1180 827 1428 889 imperium.

392 898 570 944 XXXI.
600 899 839 960 Imperavit
862 900 1122 947 Gordianus
1148 901 1273 947 annis
1299 901 1385 948 sex.
1411 904 1466 947 Et
1494 901 1598 947 dum

325 968 421 1016 haec
459 984 718 1032 agerentur,
745 971 954 1034 Arguntis
975 973 1240 1036 Scytharum
1275 990 1348 1019 rex
1379 971 1600 1018 finitimo-

325 1057 424 1088 rum
448 1059 580 1105 regna
598 1043 1018 1102 vastabat,maxime
1039 1045 1161 1107 quod
1179 1058 1485 1107 compererat,
1512 1043 1600 1093 Mi-

326 1115 512 1164 fitheum
538 1118 718 1178 perisse,
740 1119 865 1180 cujus
884 1121 1074 1168 consilio
1095 1121 1335 1183 respublica
1358 1121 1499 1167 fuerat
1518 1136 1600 1182 gu·

327 1190 525 1239 bernata.
553 1193 781 1255 Philippus
807 1207 981 1252 autem,
1005 1212 1058 1241 ne
1076 1212 1100 1242 a
1125 1195 1382 1243 crudelitate
1410 1192 1602 1241 nancisci

327 1264 558 1311 videretur
584 1265 817 1326 imperium
835 1303 847 1325 ,
879 1269 1069 1314 Romam
1101 1268 1245 1315 literas
1272 1269 1410 1324 misit,
1441 1267 1602 1330 quibus

328 1336 497 1398 scripsit
512 1373 526 1395 ,
541 1339 825 1397 Gordianum¹
851 1343 1013 1389 morbo
1041 1342 1191 1404 periffe
1208 1379 1221 1400 ,
1243 1343 1374 1405 seque
1390 1360 1412 1388 a
1433 1342 1605 1389 cunetis

329 1410 545 1457 militibus
569 1412 768 1459 eledium.
795 1415 891 1459 Nec
913 1414 1079 1470 defuit,
1102 1428 1150 1460 ut
1170 1414 1352 1461 Senatus
1373 1405 1510 1460 de‘his
1535 1429 1603 1459 re-

329 1482 436 1538 bus,
464 1501 571 1546 quas
599 1502 691 1531 non
732 1501 954 1544 noverat,
982 1487 1217 1534 falleretur.
1248 1487 1486 1549 Appellato
1518 1486 1603 1547 igi-

332 1565 406 1600 tur
421 1556 627 1618 Principe
649 1557 853 1621 Philippo
867 1596 881 1616 ,
898 1561 950 1606 &
969 1559 1166 1621 Augusto
1185 1572 1467 1620 nuncupato,
1482 1559 1603 1604 Gor-

330 1627 509 1674 dianum
533 1630 855 1677 adolescentem
877 1631 992 1677 inter
1016 1631 1145 1678 Deos
1168 1630 1331 1677 retulit.
1361 1631 1457 1677 Fuit
1476 1630 1604 1691 juve-

331 1700 400 1745 nis
433 1702 591 1759 laetus,
620 1704 829 1764 pulcher,
860 1704 1086 1763 amabilis,
1114 1717 1258 1767 gratus
1293 1703 1529 1761 omnibus,
1554 1704 1601 1750 in

331 1775 426 1822 vita
452 1774 699 1835 jucundus,
729 1778 773 1824 in
802 1778 938 1824 literis
972 1779 1137 1825 nobilis
1156 1814 1170 1835 ,
1197 1777 1376 1840 prorsus
1414 1790 1461 1824 ut
1491 1776 1602 1822 nihil

332 1859 492 1909 praeter
518 1861 689 1896 aetatem
719 1851 877 1897 deeil'et
903 1851 1105 1912 imperio.
1126 1851 1307 1897 Amatus
1327 1850 1386 1895 est
1404 1866 1426 1895 a
1453 1866 1606 1911 popu-v

330 1919 407 1976 lo,
435 1922 483 1967 &
509 1922 699 1979 Senatu,
728 1924 776 1969 &
806 1922 1055 1977 militibus,
1081 1935 1183 1968 ante
1218 1921 1411 1983 Philippi
1441 1920 1603 1968 faffio-

329 2006 461 2048 nem,
481 1991 541 2037 ita
565 2005 613 2037 ut
638 2009 773 2038 nemo
798 1993 1071 2055 Principum.
1094 1993 1272 2040 Cordus
1294 1991 1425 2050 dicit,
1445 2006 1603 2038 omnes

330 2064 492 2111 milites
524 2080 635 2111 eum·
663 2065 802 2112 filium
838 2067 1090 2129 appellasse,
1123 2067 1177 2112 ab
1205 2066 1328 2112 omni
1357 2066 1516 2111 Senatu
1545 2062 1601 2109 fi-

331 2137 438 2183 lium
459 2136 619 2184 dicium
634 2156 839 2196 ,ornnem
861 2140 1075 2202 populum
1093 2139 1270 2186 delicias
1287 2136 1602 2185 suas'Gordia-

331 2226 437 2255 num
467 2211 633 2257 dixiffe.
659 2212 870 2274 Denique
889 2212 1141 2274 Philippus,
1171 2229 1270 2258 cum
1297 2227 1397 2257 eum
1419 2207 1601 2256 interfe-

334 2282 481 2339 ciffer‚
513 2300 655 2346 neque
686 2284 896 2348 imagines
929 2285 1021 2345 ejus
1048 2286 1236 2341 tollere,
1266 2301 1410 2348 neque
1441 2283 1601 2331 statuas

332 2355 582 2416 deponere,
604 2373 746 2420 neque
771 2374 936 2410 nomen
957 2358 1187 2412 abradere3
1210 2356 1280 2403 sed
1298 2356 1472 2404 Divum
1494 2355 1601 2402 sem-

329 2443 408 2490 per
436 2429 686 2493 appellans,
711 2428 841 2478 etiam
870 2432 986 2494 apud
1018 2429 1139 2494 ipsos
1166 2430 1358 2489 milites,
1378 2444 1477 2478 cum
1499 2427 1602 2494 qui-e
