1714 2807
261 211 265 216 θ
306 143 401 202 '264
435 140 815 190 FRAGMENTA
845 140 1009 189 VITAE
1039 141 1549 217 VALERlANORuM

308 263 464 304 renus,
491 246 682 293 εοΗεᾶο
713 246 912 292 exercitu
929 281 943 304 ,
966 261 1058 292 rem
1080 247 1328 292 Romanam
1357 247 1401 292 in
1433 247 1584 309 Pristi-i

308 344 416 374 num
450 327 605 373 statum
642 327 846 373 reddidit.
884 326 1003 388 cepit
1035 326 1146 390 regis
1179 327 1433 385 thesauros,
1463 327 1584 390 cepit

306 408 467 465 etiam,
501 425 608 472 quas
642 408 858 456 thesauris
892 409 1088 456 cariores
1127 410 1293 457 habent
1328 426 1451 474 reges
1482 411 1585 457 Par-

307 489 437 547 thici,
460 490 751 539 concubinas.
776 493 927 551 Quare
947 491 1083 553 magis
1096 490 1389 537 reformidans
1412 493 1586 539 Roma-

310 585 397 615 nos
425 571 560 616 eluces
577 571 719 632 Sapor
735 606 748 628 ‚
777 571 938 618 timore
959 571 1128 617 Balistae
1148 585 1278 634 atque
1295 573 1517 631 Odenati,
1538 574 1585 619 in

309 663 493 710 regnum
526 649 650 695 suum
686 649 816 697 ocius
844 651 886 697 se
919 651 1099 712 recepit.
1135 664 1266 713 atque
1305 652 1377 698 hic
1406 652 1584 698 interim

310 730 414 776 finis
438 731 543 777 belli
571 731 654 778 fuit
686 731 859 779 perfici.
892 733 1003 778 Haec
1035 731 1134 777 sunt
1161 731 1290 794 digna
1319 732 1503 795 cognitu
1533 732 1588 778 de

310 812 578 870 Valeriano,
609 811 733 871 cujus
768 829 846 873 per
881 827 1025 858 annos
1060 811 1191 857 LXX
1227 810 1322 857 vita
1359 809 1590 856 laudabilis

310 893 357 941 in
386 911 481 941 eam
509 894 830 941 conscenderat
860 894 1073 957 gloriam,
1109 906 1157 940 ut
1188 893 1286 956 post
1316 909 1472 939 omnes
1500 893 1590 938 ho-

311 990 447 1020 nores
467 975 517 1021 &
542 973 819 1036 magistratus
839 973 1063 1036 insigniter
1081 972 1224 1036 gestos
1243 975 1488 1034 Imperator
1506 969 1589 1018 fie-

311 1067 399 1103 ret:
428 1070 547 1111 non,
573 1066 621 1099 ut
653 1053 793 1110 solet,
822 1054 1111 1101 tumultuario
1139 1054 1294 1116 populi
1327 1053 1588 1110 concursu,

313 1152 410 1182 non
428 1135 619 1182 militum
648 1135 856 1197 strepitu,
879 1135 948 1181 sed
971 1135 1066 1195 jure
1085 1136 1345 1182 meritorum
1365 1172 1378 1193 ,
1398 1138 1445 1183 &
1465 1135 1588 1199 quasi

315 1233 371 1263 ex
408 1217 546 1263 totius
569 1216 692 1264 orbis
723 1233 810 1262 una
840 1216 1067 1263 sententia.
1098 1217 1306 1278 Denique
1330 1217 1359 1262 si
1396 1217 1491 1263 data
1523 1215 1592 1262 es-

317 1298 380 1345 set
411 1297 620 1346 omnibus
645 1298 834 1361 potestas
859 1297 1094 1360 promendi
1125 1297 1321 1353 arbitrii,
1341 1312 1471 1359 quem
1505 1296 1594 1341 Im-

318 1392 572 1443 peratorem
604 1380 803 1440 vellent,
833 1379 945 1427 alter
969 1394 1064 1426 non
1094 1379 1196 1426 effet
1229 1378 1389 1426 elesius
1417 1378 1506 1426 &c-

1587 41 1613 114 N

1709 0 1714 28 i
