1714 2807
323 135 421 168 XVI

465 297 884 356 NOTITIA
941 299 1478 360 LITERARIA

919 428 1013 470 DE

317 550 684 628 AELIO
747 550 1603 627 SPARTIANO

409 717 690 776 JULIO
750 715 1377 774 CAPITOLINO
1433 714 1524 764 διε.

916 846 1012 886 EX

352 967 422 1013 Jo.
454 963 551 1011 Alb.
579 963 768 1011 Fabricii
805 963 1084 1012 Bibliotheca
1117 964 1271 1012 Latina
1305 983 1329 1011 a
1362 967 1430 1015 JO.
1458 965 1568 1029 Aug.

433 1037 607 1084 Ernesti
631 1038 799 1084 aussius
827 1036 944 1084 edita
971 1038 1026 1084 T.
1054 1040 1135 1096 111,
1158 1038 1235 1085 lib.
1262 1039 1344 1097 111,
1365 1054 1403 1086 c.
1433 1039 1480 1087 6.

490 1285 745 1344 Scriptorum
770 1285 853 1344 fix
884 1285 1058 1349 historice
1085 1285 1280 1351 Augustae
1310 1299 1423 1330 aetas.

317 1389 444 1478 SEX
472 1438 484 1459 ¹
510 1428 761 1490 Scriptores
790 1427 999 1475 Historiae
1018 1427 1222 1492 Augussae
1239 1464 1252 1486 ,
1273 1428 1364 1475 five
1386 1427 1492 1476 vitae
1514 1429 1602 1474 Im-

375 1576 411 1603 1.
447 1563 559 1603 Forte
591 1573 746 1614 quatuor
783 1573 924 1600 tantum

319 1618 566 1664 numerandi,
601 1617 629 1654 fi
662 1617 812 1669 quidem
846 1619 927 1655 vita

319 1672 450 1710 Avidii
471 1670 580 1710 Caffii
604 1685 679 1710 non
703 1685 723 1708 a
753 1670 927 1709 Vulcatio

318 1723 512 1765 Gallicano
536 1723 669 1775 scripta
695 1723 779 1771 est,
810 1724 872 1762 sed
904 1739 926 1763 a

317 1777 514 1830 Spartiano
539 1809 551 1825 ,
592 1793 695 1830 cujus
742 1780 925 1830 integrum

318 1846 457 1872 nomen
478 1831 529 1871 est
551 1833 675 1870 AEltus
704 1833 927 1883 Lampridius

318 1887 542 1939 Spartianus.
560 1887 671 1939 Igitur
685 1886 802 1924 AElius
817 1885 926 1923 Lam-

318 1941 455 2001 pridius
484 1940 573 1977 falso
599 1940 684 1977 divc
676 1939 796 1976 rsusa
813 1937 927 1990 Spar-

318 1997 417 2033 tiano
442 1993 510 2033 esse
530 1994 710 2032 creditur:
727 2004 822 2030 certe
839 1992 926 2030 Fla-

319 2049 404 2086 vius
432 2047 616 2099 Vopiscus
642 2049 675 2084 in
705 2047 927 2091 Probo‚ubi

317 2102 454 2140 AElium
476 2101 725 2152 Lampridium
747 2101 925 2146 nominat,

318 2156 545 2207 Spanianum
596 2157 685 2192 inter
739 2155 926 2205 scriptores

320 2209 424 2261 hujus
448 2211 648 2259 argumenti
673 2209 924 2259 praetermittit,

319 2263 360 2302 ὃ(
399 2265 514 2301 vitam
550 2263 716 2313 Septimii
757 2262 882 2301 Severi
912 2291 923 2309 ‚

318 2330 427 2368 quam
457 2316 646 2368 Spartiano
680 2316 797 2368 plures
823 2315 925 2353 codi-

320 2384 379 2408 ces
405 2370 495 2408 Msti
525 2372 714 2416 tribuunt,
738 2368 924 2409 casaubo-

320 2437 386 2462 nus
418 2423 562 2463 testatur
604 2426 639 2461 in
673 2424 798 2463 codice
831 2424 925 2475 regis

991 1563 1120 1601 Galliae
1138 1593 1148 1610 ‚
1180 1563 1279 1602 AElio
1308 1562 1516 1615 Lampridio
1538 1563 1601 1600 ad·

991 1616 1107 1655 scribi.
1149 1618 1266 1656 Etiam
1292 1617 1444 1654 aliorum
1477 1617 1598 1663 vitas,

990 1684 1071 1722 quc
1097 1671 1160 1709 sub
1194 1671 1277 1709 AElii
1303 1670 1502 1722 Lampridii
1527 1684 1598 1708 no-

990 1738 1087 1763 mme
1121 1725 1310 1771 feruntur,
1342 1725 1378 1761 in
1411 1723 1599 1777 Excerptis

990 1792 1036 1814 ar
1041 1777 1241 1830 tiquiffimis
1315 1777 1480 1815 Palatinis
1550 1779 1595 1815 ad

990 1831 1217 1882 Spanianum
1245 1831 1386 1878 referri,
1409 1830 1533 1869 auctor
1546 1831 1595 1870 est

992 1899 1050 1922 v1r
1082 1892 1213 1923 tumm·
1215 1899 1242 1922 .s
1264 1885 1436 1925 Claudius
1460 1884 1596 1924 Sat-ma

992 1938 1073 1977 slus.
1111 1939 1339 1976 Harduinum
1377 1952 1499 1987 vero,
1530 1939 1595 1977 do—

992 1992 1235 2031 ftzffimum&
1256 1993 1372 2043 ipsum
1396 1993 1597 2040 hominem,

992 2047 1051 2083 cui
1083 2046 1269 2098 scriptores
1296 2047 1330 2084 hi
1363 2048 1429 2083 toti
1457 2045 1595 2097 suppo-

993 2099 1044 2137 fiti
1069 2114 1111 2138 ac
1131 2100 1371 2138 commentitii
1393 2099 1594 2148 habentur,

992 2153 1141 2191 somniis
1168 2153 1238 2192 suis
1268 2152 1469 2205 tetricisque
1489 2153 1594 2205 suspi-

992 2209 1156 2246 cionibus
1213 2208 1464 2260 relinquamus.
1523 2207 1594 2246 Pro

991 2261 1089 2299 AElio
1129 2262 1317 2299 AElianum
1358 2261 1593 2314 Lampridium

990 2326 1102 2354 vocat
1121 2314 1270 2354 Grotius
1292 2315 1339 2354 ad
1364 2314 1595 2368 Apocalypl'.

990 2368 1024 2406 X
1054 2369 1114 2407 ult.
