1637 2785
199 160 598 209 vALssfflANUs
634 159 831 206 PATER
867 143 947 205 ΕΤ
983 160 1183 208 FILIUS.
1294 178 1358 226 79

53 269 275 317 ditionem
317 268 502 331 Saporis
529 267 775 330 pervenit:
812 283 946 330 quem
979 285 1112 325 cum,
1147 267 1359 332 gloriosae

55 343 265 390 viEloriae
288 340 510 398 successu,
534 339 682 385 minus
711 337 969 386 honorifice
988 356 1122 402 quam
1152 341 1359 399 deceret,

52 416 249 480 superbo
283 416 334 463 &
367 414 486 460 elato
519 412 675 458 animo
697 410 946 469 detineret,
969 424 1103 476 atque
1133 431 1235 460 cum
1263 415 1359 461 Ro-

52 506 292 537 manorum
319 504 455 552 rege,
488 498 538 533 ut
562 485 641 530 vili
667 486 716 533 δι
741 483 918 544 abjeEto
938 486 1168 548 mancipio
1195 489 1360 551 loque-

51 580 204 622 retur,
233 563 384 609 literas
419 560 475 607 ab
503 558 658 607 amicis
690 557 896 621 regibus,
934 558 1012 620 qui
1045 560 1091 606 δι
1126 560 1167 606 ei
1198 577 1361 612 contra

52 636 342 684 Valerianum
361 634 571 681 faverant
585 667 598 689 ,
611 631 846 696 plerasque
866 630 1012 680 miffas
1030 633 1206 696 accepit
1220 669 1233 691 ,
1246 651 1362 698 qua-

52 730 150 760 rum
173 713 331 760 seriem
352 710 493 760 Julius
514 708 668 756 refert.

132 789 207 836 IV.
235 788 414 848 Sapori,
444 787 542 830 Rex
567 801 704 846 regum
734 782 947 843 Belsolus.
982 785 1035 828 Si
1052 782 1230 844 scirem,
1250 782 1364 847 poſje

54 863 286 922 aliquando
319 861 542 905 Romanos
567 859 739 917 penitus
772 857 921 912 vinci,
952 858 1173 917 gauderem
1209 857 1286 902 tibi
1316 860 1365 903 de

54 935 248 992 victoria,
278 952 404 995 quam
427 930 610 994 praefers.
644 933 732 976 Sed
762 931 861 990 quia
893 933 962 976 vel
975 928 1107 988 fato,
1139 933 1207 975 vel
1226 932 1365 977 virtu-

54 1026 92 1055 te
120 1027 222 1073 gens
242 1010 320 1056 illa
337 1010 569 1071 plurimum
588 1008 740 1073 potest,
758 1006 870 1061 vide,
892 1023 942 1050 ne
960 1040 974 1062 ‚
993 1007 1107 1067 quod
1111 1006 1255 1064 senem
1276 1009 1366 1053 Im-

52 1099 281 1144 peratorem
311 1082 470 1148 cepisti,
496 1077 540 1126 δ’
574 1080 624 1126 id
651 1081 813 1140 quidem
838 1078 1028 1137 fraude,
1056 1083 1165 1124 male
1192 1081 1270 1125 tibi
1297 1099 1366 1126 ce-

58 1160 132 1203 dat
150 1156 394 1224 posterisffle
417 1157 516 1200 tuis.
549 1156 697 1215 Cogita
711 1168 926 1222 ‚Uquantas
946 1167 1086 1215 gentes
1104 1155 1295 1199 Romani
1313 1173 1366 1199 ex

58 1230 237 1295 hostibus
252 1230 360 1290 sitas
373 1229 583 1287 fecerint„
607 1248 633 1274 a
657 1228 805 1289 quibus
822 1228 934 1288 saepe
963 1227 1061 1274 νὶἑῖἱ
1074 1227 1199 1287 fient.
1219 1230 1368 1274 Audi-

58 1305 197 1352 vimus
227 1321 349 1361 certe,
376 1306 490 1364 quod
518 1304 640 1349 Galli
670 1319 737 1348 eos
770 1304 970 1356 vicerint,
1001 1298 1044 1345 δ’
1071 1303 1279 1362 ingentem
1309 1304 1368 1347 il-

59 1378 146 1421 lam
175 1378 383 1421 civitatem
416 1377 684 1421 incenderint.
715 1392 811 1420 certe
838 1375 960 1419 Galli
990 1374 1198 1418 Romanis
1222 1376 1367 1433 servi-

59 1463 150 1494 unt.
183 1450 307 1510 Quid
340 1448 488 1507 Afri?
519 1466 584 1494 eos
618 1465 757 1493 nonne
791 1448 1010 1494 vicerunt?
1047 1463 1145 1492 certe
1173 1447 1369 1506 serviunt

60 1525 285 1568 Romanis.
314 1524 389 1568 De
417 1525 675 1585 longioribus
713 1522 941 1582 exemplis,
976 1517 1018 1566 ὃ
1039 1518 1214 1582 sortaffi
1248 1522 1369 1582 igno-

62 1599 254 1654 tioribus,
269 1600 384 1642 nihil
398 1598 508 1642 dico.
537 1598 805 1642 Mithridates
827 1596 1032 1640 Ponticus
1060 1609 1190 1638 totam
1213 1594 1367 1659 Asiam

64 1671 224 1715 tenuit:
255 1686 352 1715 certe
378 1669 509 1715 viHus
537 1669 611 1734 est,
638 1684 734 1714 certe
767 1667 877 1732 Asta
908 1668 1197 1713 Romanorum
1227 1669 1292 1732 est.
1320 1671 1372 1714 Si

66 1761 199 1788 meum
223 1742 439 1806 confilium
460 1744 632 1803 requiris
647 1776 661 1799 ,
685 1757 792 1787 utere
811 1740 1017 1804 occasione
1028 1742 1154 1801 pacis
1172 1777 1185 1797 ,
1209 1741 1254 1788 ὅ*
1281 1745 1371 1788 Va-

65 1821 269 1863 lerianum
283 1818 381 1877 fitis
404 1820 520 1863 redde
535 1834 551 1862 .·
580 1833 649 1879 ego
667 1820 856 1879 gratulor
870 1814 1080 1874 felt‘citati
1105 1833 1210 1875 tuae,
1257 1836 1273 1862 z
1298 1832 1367 1862 ta-

67 1908 160 1938 men
180 1893 343 1954 illduti
369 1907 414 1936 tu
429 1891 562 1949 scias.

135 1967 192 2009 V.
219 1961 399 2010 Baletus
423 1963 521 2008 Rex
545 1959 844 2007 Cadusiorum
870 1959 930 2007 fic
959 1958 1156 2020 scripfit:
1183 1959 1370 2026 Remiffiz

70 2041 176 2086 milti
206 2039 375 2084 auxilia
401 2038 561 2098 integra
594 2033 636 2081 δ’
669 2037 928 2092 incolumia,
961 2051 1174 2096 gratanter
1203 2038 1368 2096 accepi:

61 2113 143 2172 fid
165 2128 327 2171 captum
353 2113 626 2156 Valerianum
649 2111 889 2169 Principem
915 2110 1163 2170 Principum
1191 2111 1368 2170 nonsa-

73 2188 129 2231 tis
159 2187 350 2247 gratulor
370 2201 387 2229 .·
412 2186 546 2245 magis
575 2186 833 2245 gratularer,
848 2182 894 2246 st
913 2185 1154 2227 redderetur.
1181 2183 1370 2228 Romani

74 2262 183 2304 enim
201 2258 410 2319 graviores
425 2273 522 2302 tunc
532 2257 640 2316 sunt
653 2291 664 2310 ‚
680 2258 849 2316 quando
874 2257 1085 2300 vicuntur.
1099 2262 1194 2316 Age
1215 2257 1342 2316 igitur
1352 2289 1370 2311 ,

76 2345 123 2376 ut
141 2335 378 2390 prudentem
401 2332 534 2375 decet:
562 2347 633 2374 nec
652 2329 835 2386 fortuna
869 2343 905 2372 te
934 2328 1051 2391 inflet
1067 2361 1078 2383 ‚
1104 2344 1190 2387 quae
1218 2331 1370 2377 multos

78 2406 241 2463 decepit.
267 2405 521 2448 Valerianus
545 2399 737 2461 &filiurn
757 2406 1048 2461 Imperatorem
1076 2401 1221 2455 habet,
1240 2396 1282 2445 δ’
1301 2417 1370 2444 ne-

53 2464 209 2537 lpotem
231 2469 439 2538 Ccesarem.
460 2474 503 2523 ἃ
527 2478 630 2537 quid
638 2478 663 2524 ἓ
688 2478 807 2522 habet
831 2473 873 2522 ὃ*
900 2492 1064 2531 omnem
1093 2475 1226 2519 orbem
1247 2474 1368 2520 illum
