1714 2807
289 147 386 214 *156
504 149 731 197 ‘AEttt
797 152 1428 203 SPARTIANI·

290 256 413 301 ceffit
427 291 440 313 ,
459 267 506 301 ut
527 256 838 319 triumpharet:
858 256 931 304 cui
949 257 1133 306 Senatus
1154 259 1382 306 Judaicum
1402 258 1564 307 trium&

290 328 428 388 phum
461 328 744 385 decreverat,
780 329 980 388 idcirco,
1016 332 1140 394 quod
1173 332 1221 377 &
1257 331 1302 376 in
1331 331 1461 396 Syria
1494 347 1564 379 res

289 400 404 445 bene
429 400 556 463 gestae
585 400 757 449 fuerant
780 419 804 449 a
828 404 1013 449 Severo.
1047 403 1225 450 Deinde
1258 421 1356 451 cum
1394 404 1565 451 Antio-

289 472 436 519 chiam
469 474 710 532 tranfiffet,
743 475 841 522 data
875 475 995 523 virili
1023 487 1128 538 toga
1158 473 1252 521 filio
1280 474 1468 535 majori,
1495 475 1564 522 se-

289 561 394 592 cum
429 562 531 592 eum
562 546 804 593 Consulem
836 547 1102 610 designavit:
1137 547 1186 594 &
1223 546 1362 592 statim
1396 546 1440 593 in
1472 549 1563 609 Sy-

288 618 353 664 ria
378 619 670 666 Consulatum
697 619 905 666 inierunt.
929 619 1031 665 Post
1063 619 1177 677 hoc,
1209 619 1313 665 dato
1341 618 1563 681 stipendio

287 691 583 738 cumulatiore
605 693 844 750 militibus,
862 691 1172 739 Alexandriam
1195 691 1337 752 petiit.

353 764 497 811 XVll.
523 767 571 810 In
601 765 757 812 itinere
785 765 1022 813 Palaestinis
1052 763 1240 826 plurima
1273 763 1370 824 jura
1401 763 1563 811 funda-

287 835 369 882 vit.
389 837 562 883 Judaeos
586 836 677 882 fieri
703 837 782 883 sub
801 837 929 900 gravi
954 854 1089 898 poena
1113 836 1267 882 vetuit.
1291 838 1408 882 ldem
1429 836 1562 882 etiam

287 907 340 952 de
361 908 622 953 Christianis
649 907 806 956 sanxit.
831 908 1008 954 Deinde
1034 907 1349 953 Alexandrinis
1378 906 1445 966 jus
1475 907 1562 952 bu-

284 977 503 1024 leutarum
541 979 688 1035 dedit,
714 980 789 1042 qui
823 981 913 1027 sine
946 980 1131 1043 publico
1168 980 1386 1039 consilio,
1413 979 1473 1027 ita
1511 990 1562 1027 ut

284 1048 364 1095 sub
394 1049 595 1110 regibus,
627 1062 728 1096 ante
756 1051 999 1108 vivebant,
1027 1067 1121 1097 uno
1154 1050 1297 1111 judice
1327 1051 1562 1109 contenti,

285 1139 419 1184 quem
446 1123 594 1168 Caesar
625 1123 816 1171 dedisset.
843 1125 985 1171 Multa
1008 1138 1215 1186 praeterea
1244 1126 1312 1171 his
1339 1125 1434 1186 jura
1459 1121 1562 1171 mue

284 1195 408 1241 tavit.
437 1195 680 1258 Jueundam
715 1196 789 1241 fibi
814 1196 1216 1259 peregrinationem
1241 1197 1354 1245 hanc
1375 1213 1560 1258 propter

285 1267 549 1328 religionem
573 1268 662 1315 Dei
678 1269 922 1331 Serapidis,
937 1271 983 1316 δέ
1006 1282 1189 1331 propter
1203 1270 1451 1316 novitatem
1472 1269 1560 1315 ani·

284 1339 465 1384 malium
506 1342 580 1386 vel
620 1341 825 1388 locorum
868 1341 1016 1397 fuiffe,
1059 1342 1247 1390 Severus
1283 1342 1374 1404 ipse
1409 1341 1559 1404 postea

285 1411 454 1472 semper
473 1411 679 1458 ostendit.
704 1430 803 1465 nam
824 1416 869 1460 &
890 1414 1121 1477 Memphin
1139 1450 1151 1470 ‚
1172 1416 1221 1461 &
1240 1416 1528 1461 Memnonem
1543 1449 1558 1471 ,

284 1484 335 1530 ὅ(
357 1485 612 1548 pyramides
631 1521 645 1542 ,
663 1488 711 1534 &
737 1486 1042 1550 labyrinthum
1059 1523 1072 1544 ‚
1097 1487 1329 1551 diligenter
1355 1486 1560 1549 inspexit.

283 1557 338 1602 Et
379 1557 591 1619 quoniam
629 1557 814 1621 longum
849 1559 909 1605 est
946 1559 1125 1606 minora
1163 1558 1395 1621 persequi,
1429 1557 1559 1617 hujus

284 1628 516 1693 magnifica
540 1630 639 1677 illa:
664 1632 804 1690 Quod
828 1632 948 1679 visso
972 1633 1021 1679 &
1042 1631 1197 1679 occiso
1222 1631 1422 1686 Iuliano,
1446 1647 1558 1692 prae·

283 1705 480 1749 torianas
505 1704 715 1751 cohortes
734 1703 1042 1751 exauetoravit
1059 1738 1071 1761 ,
1097 1703 1372 1750 Pertinacem
1402 1716 1558 1750 contra

282 1773 475 1820 militum
506 1775 787 1822 voluntatem
816 1775 861 1821 in
889 1776 1017 1822 Deos
1047 1776 1231 1833 retulit,
1255 1775 1395 1823 Salvii
1423 1775 1559 1822 Julia-

283 1848 330 1894 ni
363 1848 537 1895 decreta
564 1849 676 1908 juffit
711 1849 913 1904 aboleri3
942 1851 1068 1913 quod
1095 1866 1188 1896 non
1218 1848 1427 1896 obtinuit.
1456 1849 1558 1895 De-

283 1921 422 1982 nique
441 1934 792 1984 cognomentum
819 1921 1060 1968 Pertinacis
1086 1937 1179 1966 non
1202 1934 1290 1966 tam
1314 1937 1369 1966 ex
1394 1920 1463 1966 sua
1482 1937 1558 1967 vo-

284 1995 482 2050 luntate,
509 2011 639 2056 quam
674 2010 729 2040 ex
760 2011 935 2041 morum
968 1993 1227 2055 parsimonia
1262 1993 1437 2039 videtur
1474 1993 1556 2038 ha·

281 2066 433 2114 buiffe.
469 2084 568 2113 nam
605 2069 657 2114 δι-
682 2066 853 2113 infinita
890 2068 1132 2113 multorum
1175 2067 1295 2112 caede
1331 2066 1557 2113 crudelior

280 2140 473 2192 habitus,
496 2142 545 2188 &
571 2157 669 2187 cum
698 2140 874 2202 quidam
906 2156 958 2186 ex
984 2139 1184 2185 hostibus
1209 2139 1351 2184 eidem
1380 2138 1419 2184 se
1453 2138 1557 2201 sup-

281 2213 457 2275 pliciter
481 2212 705 2259 obtulisset
721 2247 733 2268 ‚
760 2213 1018 2273 dixissetque
1039 2212 1136 2264 ille,
1159 2213 1279 2273 Quid
1302 2228 1345 2258 tu
1363 2212 1556 2268 fac'lurus

282 2290 358 2332 es?
383 2303 474 2331 non
497 2287 697 2333 mollitus
720 2299 808 2332 tam
836 2288 1054 2346 prudente
1073 2288 1218 2343 dieto,
1243 2284 1429 2332 interfici
1451 2302 1554 2331 eum

282 2358 412 2419 juffit.
433 2359 532 2405 Fuit
547 2373 755 2421 praeterea
774 2360 1058 2420 delendarum
1078 2359 1264 2419 cupidus
1283 2358 1552 2406 fafflonum:

282 2446 425 2493 prope
451 2448 474 2478 a
500 2432 625 2480 nullo
655 2431 891 2496 congressu
919 2432 997 2479 nifi
1027 2432 1187 2481 viEtor.
