1714 2807
337 174 427 232 276
545 171 769 218 AELtt
833 173 1406 240 LAMPR1D1'1

332 279 485 332 navit,
517 274 672 322 additis
702 274 855 338 signis,
877 276 925 322 &
951 274 1152 333 deliacis,
1180 278 1228 324 &
1258 279 1468 325 omnibus
1497 291 1604 344 mys

326 352 462 400 ssicis.
488 353 534 395 ln
565 361 747 395 matrem
768 353 1047 395 Mammaeam
1079 350 1209 397 unice
1231 353 1326 411 pius
1347 352 1455 410 fuit,
1475 355 1533 399 ita
1556 367 1604 400 ut

328 427 490 472 Romae
509 422 555 468 in
580 421 747 469 Palatio
767 420 929 469 faceret
948 422 1097 470 diaetas
1123 425 1319 470 nominis
1340 428 1605 486 Mammaeae,

325 515 436 561 quas
465 495 715 559 imperitum
740 496 898 559 vulgus
926 497 1058 543 hodie
1083 500 1142 543 ad
1166 501 1400 544 Mammam
1419 514 1603 548 vocant.

324 575 382 621 Et
396 573 442 620 in
467 571 634 633 Bajano
651 570 861 632 palatium
885 587 984 617 cum
1004 571 1184 632 stagno,
1207 573 1332 632 quod
1355 576 1602 620 Mammaeae
1641 598 1647 609 ·

327 647 513 697 nomine
535 644 758 705 hodieque
787 643 1002 690 censetur.
1031 642 1148 688 Fecit
1176 644 1221 689 δ(
1243 644 1323 689 alia
1355 644 1398 689 in
1431 644 1601 705 Bajano

324 737 462 784 opera
493 714 725 780 magnifica
745 716 791 762 in
818 716 1038 761 honorem
1072 715 1270 760 affinium
1307 716 1486 762 {uorum
1507 754 1519 773 ‚
1546 720 1598 766 δε

321 795 467 857 stagna
492 789 730 851 stupenda,
753 786 935 832 admiffo
958 786 1079 832 mari.
1100 788 1289 844 PonteS,
1311 804 1425 850 quos
1441 790 1597 850 Traja-

322 883 406 914 nus
442 863 636 914 fecerat,
673 858 933 905 instauravit
964 875 1085 919 paene
1119 859 1166 906 in
1202 861 1410 908 omnibus
1451 862 1595 911 locis:

322 940 497 1002 aliquos
530 934 662 981 etiam
694 947 846 978 novos
882 930 1019 978 fecit:
1053 931 1123 978 sed
1152 932 1400 981 instauratis
1427 952 1596 984 nomen

320 1008 500 1068 Traiani
528 1004 786 1053 reservavit.

382 1083 575 1131 XXVll.
597 1081 642 1125 ln
671 1076 823 1124 animo
847 1075 1001 1146 habuit
1016 1111 1030 1133 ‚
1054 1077 1263 1123 omnibus
1279 1078 1437 1128 officiis
1456 1097 1595 1143 genus

316 1156 510 1206 vestium
543 1150 772 1215 proprium
807 1149 935 1206 dare,
965 1151 1011 1196 &
1037 1150 1247 1196 omnibus
1282 1151 1592 1214 dignitatibus,

316 1243 368 1280 ut
394 1247 419 1277 a
444 1226 602 1274 vestitu
632 1222 1022 1287 dignoscerentur:
1047 1224 1091 1270 &
1113 1223 1321 1270 omnibus
1349 1224 1520 1282 servis,
1541 1237 1591 1273 ut

314 1306 363 1355 in
399 1300 574 1366 populo
603 1298 774 1361 possent
812 1295 1022 1359 agnosti,
1052 1312 1106 1342 ne
1136 1296 1233 1358 quis
1267 1297 1492 1345 seditiosus
1521 1299 1588 1346 es-

316 1380 404 1434 set
434 1374 557 1423 simul
590 1389 644 1419 ne
680 1370 792 1418 servi
825 1370 1027 1433 ingenuis
1061 1370 1359 1418 mis.cerentur
1386 1373 1467 1419 Sed
1499 1374 1588 1423 hoc

313 1451 516 1515 Ulpiano
540 1446 766 1508 Pauloque
793 1445 1035 1507 displicuit,
1058 1444 1327 1502 dicentibus,
1349 1445 1586 1506 plurimum

290 1519 510 1575 ”rixarum
541 1520 638 1567 fore
658 1555 669 1576 ,
693 1519 723 1565 fi
752 1517 900 1565 faciles
922 1518 1056 1564 essent
1085 1516 1286 1564 homines
1309 1520 1362 1564 ad
1390 1518 1587 1578 injurias.

313 1602 433 1648 Tum
467 1595 564 1643 satis
593 1594 676 1640 effe
705 1592 959 1649 constituit,
984 1606 1031 1638 ut
1054 1590 1231 1652 Equites
1254 1591 1445 1638 Romani
1466 1610 1489 1639 a
1507 1595 1586 1640 Se-

313 1671 545 1721 natoribus
587 1665 706 1714 clavi
746 1667 955 1729 qualitate
992 1663 1359 1711 discernerentur.
1397 1666 1588 1714 Paenulis

310 1745 430 1793 intra
463 1742 630 1789 Urbem
661 1737 841 1801 frigoris
873 1736 998 1783 causa
1029 1749 1075 1781 ut
1105 1735 1222 1781 senes
1242 1748 1468 1782 uterentur
1488 1753 1585 1798 per·

309 1818 453 1870 misit,
479 1830 579 1861 cum
611 1812 654 1857 id
675 1809 924 1857 vestimenti
950 1825 1085 1873 genus
1114 1807 1282 1870 semper
1310 1809 1583 1857 itinerarium

309 1903 388 1938 aut
424 1886 589 1949 pluvia:
623 1882 779 1929 fuisset.
817 1884 1043 1928 Matronas
1079 1896 1225 1927 tamen
1269 1879 1382 1926 intra
1413 1882 1582 1929 Urbem.

305 1963 499 2027 paenulis
539 1959 600 2004 uti
641 1956 809 2012 vetuit,
832 1956 878 2001 in
914 1955 1072 2001 itinere
1110 1953 1318 2015 permisit.
1352 1956 1583 2002 Facundiae

305 2038 395 2085 fuit
426 2036 599 2080 Graecae
626 2030 760 2091 magis
779 2065 789 2085 ‚
811 2045 940 2091 quam
970 2026 1165 2083 Latinae,
1186 2042 1266 2072 nec
1289 2026 1416 2072 versu
1450 2028 1580 2074 inve-

301 2107 490 2162 nustus,
512 2107 559 2150 &
589 2102 643 2148 ad
665 2101 867 2147 musicam
902 2115 1095 2162 pronus,
1118 2098 1362 2152 matheseos
1394 2100 1579 2159 peritus:

305 2179 434 2227 &ita
455 2175 662 2238 quidem,
685 2185 730 2217 ut
760 2189 814 2216 ex
846 2170 938 2229 ejus
964 2170 1072 2229 jussu
1108 2170 1404 2216 mathematici
1436 2170 1580 2232 publi-

302 2265 360 2296 ce
387 2245 703 2310 proposuerint
731 2243 918 2297 Rome,
940 2258 990 2286 ac
1024 2240 1105 2286 sint
1138 2239 1342 2300 profesti,
1364 2254 1411 2286 ut
1439 2243 1578 2288 doce-

302 2336 419 2371 rent.
441 2319 737 2380 Haruspicinae
759 2333 937 2378 quoque
959 2314 1238 2375 peritissimus
1258 2313 1351 2362 fuit.
1385 2317 1577 2370 ipvsosuo'-

300 2414 372 2443 πσς
396 2409 608 2457 magnus,
632 2407 678 2437 ut
703 2392 752 2437 δ(
784 2389 1009 2434 Vascones
1043 2386 1343 2447 Hispanorum
1360 2423 1372 2441 ‚
1392 2388 1440 2433 &
1461 2387 1575 2431 Pan-

297 2469 553 2518 noniorum
581 2480 764 2528 augures
791 2462 963 2514 vicerit.
995 2460 1300 2511 Geometriam
1325 2460 1444 2510 fecit.
1477 2459 1574 2522 pin-¹
