1714 2807
338 117 426 164 106
549 117 1418 165 AELIILAMPRIDII

329 223 547 285 juvenum
584 224 762 272 carebat
801 224 1014 283 infamia,
1049 225 1176 272 omni
1215 242 1339 289 parte
1375 223 1610 289 corporis.

331 309 464 358 atque
495 312 576 343 ore
606 297 653 344 in
692 297 843 346 sexum
884 312 1125 362 utrumque
1164 300 1381 362 pollutus.
1421 301 1612 349 Occisus

329 367 394 414 est
417 385 474 416 eo
498 381 702 432 tempore
730 371 862 418 etiam
883 372 1095 419 Claudius
1113 408 1127 430 ‚
1146 373 1264 436 quasi
1286 391 1309 420 a
1334 374 1612 421 latronibus:

331 439 460 500 cujus
486 439 603 489 filius
631 460 731 490 cum
760 443 959 507 pugione
983 445 1211 507 quondam
1233 446 1288 492 ad
1304 447 1611 493 Commodum

332 512 545 577 ingressus
580 514 666 562 est:
698 516 914 579 multique
950 517 1025 564 alii
1056 518 1291 566 Senatores
1324 519 1413 566 sine
1443 519 1612 579 judicio

332 584 584 645 interemti,
611 585 788 633 feminae
816 604 998 651 quoque
1026 588 1201 636 divites.
1225 591 1279 635 Et
1303 591 1512 637 nonnulli
1536 607 1612 652 per

331 658 619 719 provincias,
643 677 665 705 a
694 660 882 706 Perenni
909 661 969 706 ob
1003 660 1183 708 divitias
1213 661 1475 719 insimulati,
1509 662 1612 723 spo·

332 730 424 777 liati
454 731 576 787 sunt,
612 732 686 779 vel
714 733 846 780 etiam
875 734 1114 781 interemti.
1148 735 1215 781 his
1250 751 1424 794 autem,
1454 737 1615 800 quibus

331 804 479 851 deerat
507 803 595 850 ficti
622 804 820 852 criminis
854 805 1105 867 appositio,
1137 806 1458 868 objiciebatur,
1489 808 1614 873 quod

332 877 523 925 scribere
553 878 796 925 voluissent
834 879 1141 925 Commodum
1173 880 1392 929 heredem.

398 954 470 997 VI.
496 954 561 997 Eo
588 964 792 1015 tempore
817 950 862 997 in
895 952 1106 998 Sarmatia
1132 969 1200 1000 res
1233 953 1344 1000 bene
1371 953 1508 1018 gestas
1536 969 1615 1015 per

334 1023 447 1070 alios
489 1025 653 1082 duces,
697 1025 744 1071 in
785 1023 926 1071 filium
965 1024 1087 1070 suum
1134 1025 1343 1072 Perennis
1384 1025 1616 1074 referebat.

335 1098 423 1145 Hic
456 1110 603 1145 tamen
640 1098 879 1156 Perennis,
916 1097 993 1160 qui
1030 1110 1195 1144 tantum
1235 1098 1411 1161 potuit,
1440 1098 1616 1156 subit0,

334 1172 460 1235 quod
483 1172 602 1218 bello
624 1172 884 1218 Britannico
905 1171 1117 1219 militibus
1137 1172 1358 1235 Equestris
1379 1172 1469 1220 loci
1489 1172 1617 1220 viros

334 1245 622 1308 praefecerat,
641 1246 801 1293 amotis
835 1246 1149 1301 Senatoribus‚
1171 1247 1351 1309 prodita
1382 1263 1426 1293 re
1452 1263 1530 1309 per
1556 1246 1617 1293 le-

336 1332 491 1383 gatos,
525 1319 744 1365 exercitus
777 1318 913 1364 hostis
954 1317 1228 1380 appellatus,
1271 1316 1618 1381 lacerandusque

335 1391 551 1438 militibus
574 1392 634 1438 est
661 1392 848 1439 deditus.
871 1391 917 1436 in
946 1390 1070 1450 cujus
1092 1390 1307 1453 potentiae
1334 1391 1486 1439 locum
1509 1392 1618 1438 Cle-

338 1466 526 1511 andrum
549 1482 605 1512 ex
633 1464 918 1513 cubiculariis
940 1464 1211 1528 subrogavit.
1238 1465 1378 1511 Multa
1401 1465 1498 1512 sane
1517 1465 1620 1527 post

338 1536 616 1586 interfeEtum
659 1540 901 1585 Perennem
938 1537 1120 1600 ejusque
1157 1537 1327 1596 filium,
1358 1540 1477 1602 quasi
1516 1555 1539 1585 a
1578 1539 1620 1586 se

339 1627 437 1657 non
466 1611 607 1675 gesta,
633 1611 842 1667 rescidit,
873 1610 999 1657 velut
1037 1610 1082 1656 in
1120 1610 1339 1673 integrum
1374 1610 1620 1658 restituens.

339 1685 395 1729 Et
420 1684 535 1730 hanc
567 1683 747 1746 quidem
785 1682 1101 1745 poenitentiam
1141 1682 1351 1730 scelerum
1383 1682 1498 1728 ultra
1536 1681 1621 1729 tri-

340 1755 458 1819 ginta
490 1755 580 1802 dies
607 1767 758 1803 tenere
787 1771 880 1802 non
914 1755 1084 1818 potuit,
1111 1754 1316 1818 graviora
1346 1771 1423 1816 per
1456 1754 1625 1813 Clean-x

340 1829 469 1875 drum
499 1827 688 1887 faciens,
714 1846 846 1893 quam
872 1828 1037 1876 fecerat
1067 1846 1144 1892 per
1169 1829 1298 1892 supra
1328 1829 1491 1875 dietum
1509 1829 1619 1874 Per-

341 1918 518 1951 ennem.
555 1905 609 1950 Et
649 1903 695 1949 in
728 1904 927 1967 potentia
964 1904 1144 1967 quidem
1185 1903 1403 1950 Cleander
1430 1902 1620 1950 Perenni

341 1975 628 2036 successerat,
655 1977 699 2022 in
723 1977 980 2039 praefectura
1010 1993 1122 2023 vero
1145 1975 1308 2039 Niger:
1326 1974 1402 2038 qui
1429 1974 1504 2021 sex
1524 1987 1622 2022 tan-

342 2061 438 2095 tum
459 2049 581 2096 horis
604 2049 834 2112 praefeilus
853 2049 1058 2097 Praetorii
1083 2048 1204 2096 fuisse
1233 2047 1500 2111 perhibetur.
1521 2064 1622 2099 mu·-¹

343 2120 552 2167 tabantur
574 2121 692 2168 enim
718 2122 910 2185 praefeffi
934 2121 1133 2184 praetorii
1161 2138 1241 2184 per
1265 2121 1395 2168 horas
1419 2137 1469 2168 ac
1495 2120 1616 2179 dies,

344 2194 606 2240 Commodo
635 2193 788 2257 pejora
821 2187 1161 2258 omniajquam
1202 2193 1364 2241 fecerat
1390 2205 1517 2252 ante,
1551 2192 1621 2240 fa-

346 2265 505 2314 ciente.
530 2267 629 2314 Fuit
651 2267 758 2315 item
788 2269 984 2316 Marcius
1010 2271 1209 2330 Quartus
1242 2267 1472 2331 praefeEtus
1501 2284 1620 2330 prae-

343 2337 467 2384 torio
499 2339 651 2388 diebus
671 2340 884 2404 quinque.
907 2342 1081 2387 Horum
1115 2340 1379 2389 successores
1415 2339 1469 2385 ad
1498 2337 1620 2384 arbi-

345 2411 480 2461 trium
508 2413 720 2464 Cleandri
748 2428 825 2464 aut
857 2415 1017 2465 retenti
1048 2415 1262 2478 sunt‚aut
1296 2413 1442 2466 occisi.
1467 2413 1522 2462 ad
1541 2429 1619 2463 cu-
