1637 2785
278 142 540 192 D1vus
593 141 1152 198 AUREIAANUS.
1294 143 1382 208 169

83 267 171 315 que
196 250 364 299 divinis
388 250 594 313 impliciti
615 251 752 298 essent
777 252 982 310 barbari,
1001 254 1211 300 Romana
1241 251 1385 300 vidio-

83 324 148 370 ria
170 339 265 370 non
293 322 457 370 fuisset.
480 322 634 368 Finito
662 323 834 385 proelio
864 326 1267 386 Marcomannico,
1292 328 1386 372 Au-
1414 378 1415 382 Ἰ

86 397 279 444 relianus
293 433 305 452 ‚
321 408 372 442 ut
391 408 483 443 erat
503 410 660 442 natura
681 396 909 455 ferocior,
928 398 1085 459 plenus
1108 399 1272 445 irarum
1293 400 1390 446 Ro·
1442 433 1452 444 .

85 486 204 521 mam
248 469 389 533 petit,
431 468 644 516 vindictae
680 469 895 532 cupidus,
943 488 1077 532 quam
1119 471 1389 519 seditionum

86 541 295 604 asperitas
323 541 602 604 suggerebat:
631 542 868 590 incivilius
894 542 1090 605 denique
1119 543 1223 591 usus
1252 542 1391 605 im‘pe·

87 613 190 673 rio,
223 614 297 662 vir
328 614 433 662 alias
471 615 701 676 optimus,
732 613 1005 663 seditionum
1030 615 1286 662 auctoribus
1319 615 1391 661 in-

87 685 312 743 tei-emtis,
339 687 571 736 cruentius
595 703 674 742 ea,
702 704 803 750 quae
825 685 1009 733 mollius
1035 686 1213 733 fuerant
1236 704 1391 736 curan-

89 759 173 818 da,
195 759 487 822 compescuit.
510 759 733 808 Interfeffi
752 759 850 807 sunt
876 760 996 807 enim
1022 760 1236 808 nonnulli
1257 758 1393 808 etiam

89 831 267 879 nobiles
295 832 562 889 Senatores,
582 849 687 879 cum
713 831 780 878 his
806 833 908 878 leve
927 831 1143 895 quiddam
1159 867 1174 891 ‚
1194 832 1244 880 &
1269 830 1395 894 quod

91 906 328 955 contemni
360 924 385 954 a
415 908 596 954 mitiore
627 907 837 970 Principe
867 907 1111 968 potuisset,
1146 907 1223 955 vel
1257 921 1397 961 unus,

93 977 170 1024 vel
196 977 344 1036 levis,
380 979 455 1025 vel
495 978 598 1026 vilis
632 978 751 1028 testis
787 976 1023 1040 objiceret.
1060 978 1188 1039 Quid
1224 977 1397 1026 multa?

92 1067 306 1115 magnum
336 1051 478 1110 illud,
513 1054 565 1101 &
594 1053 720 1116 quod
747 1051 835 1113 jam
876 1052 1048 1110 fuerat,
1076 1053 1126 1099 δι’
1155 1052 1281 1115 quod
1303 1067 1397 1098 non

94 1123 258 1171 frustra
286 1124 508 1187 speratum
540 1125 601 1173 est
618 1161 631 1182 ‚
662 1124 861 1174 infamiae
891 1124 1100 1172 tristioris
1122 1124 1211 1172 ictu
1237 1135 1397 1172 conta-

95 1196 288 1245 minavit
313 1196 567 1277 imperium.
589 1196 740 1246 timeri
765 1197 911 1261 coepit
930 1197 1148 1260 Princeps
1168 1187 1399 1260 optimus,

95 1286 192 1316 non
229 1269 393 1320 amari·
429 1286 531 1318 cum
563 1270 648 1318 alii
685 1270 912 1329 dicerent,
949 1270 1296 1334 perfodiendum
1336 1282 1399 1316 ta-

93 1341 184 1388 lem
209 1342 490 1408 Principem,
523 1359 622 1393 non
651 1345 936 1424 optandum;
962 1343 1071 1400 alii,
1098 1344 1270 1391 bonum
1301 1341 1402 1402 qui-

98 1417 200 1464 dem
218 1417 467 1475 medicum,
485 1416 558 1465 sed
578 1416 690 1464 mala
709 1416 886 1462 ratione
909 1428 1158 1464 curantem.
1178 1414 1259 1462 His
1277 1414 1401 1471 afris,
1472 1457 1479 1460 .

97 1506 204 1542 cum
225 1491 400 1539 videret
418 1491 541 1555 poffe
563 1490 687 1550 fieri,
706 1504 755 1538 ut
776 1490 948 1554 aliquid
967 1490 1055 1537 tale
1083 1488 1273 1547 iterum,
1293 1504 1402 1552 qua-

98 1563 142 1611 le
160 1563 238 1610 sub
254 1565 469 1613 Gallieno
488 1578 703 1613 evenerat
717 1601 730 1621 ,
752 1563 1019 1626 proveniret
1036 1580 1050 1618 ;
1066 1561 1270 1609 adhibito
1291 1578 1403 1608 con-

100 1637 202 1686 filio
236 1638 452 1698 Senatus,
476 1655 634 1688 muros
660 1637 780 1685 urbis
806 1638 970 1685 Romae
989 1636 1204 1682 dilatavit.
1232 1651 1316 1684 nec
1335 1647 1404 1680 ta-

102 1721 213 1759 men'
243 1710 478 1774 pomoerio
498 1711 668 1758 addidit
688 1726 745 1757 eo
769 1721 1003 1771 tempore,
1022 1708 1094 1756 sed
1121 1708 1287 1771 postea.
1312 1708 1404 1753 Pe,-

101 1783 271 1832 moerio
303 1796 451 1835 autem
481 1782 649 1833 nemini
679 1782 942 1846 Principum
971 1782 1078 1829 licet
1108 1783 1298 1840 addere,
1322 1780 1403 1828 nifi

102 1859 172 1915 ei,
197 1858 274 1921 qui
306 1858 400 1923 agri
424 1857 647 1904 barbarici
674 1857 825 1921 aliqua
853 1867 976 1919 parte
1003 1856 1258 1903 Romanam
1289 1848 1405 1901 rem-‘-

102 1931 330 1995 publicam
363 1929 723 1993 locupletaverit.
752 1929 938 1977 Addidit
965 1941 1112 1976 autern
1143 1928 1368 1991 Augustus
1389 1962 1403 1984 ,

103 2003 275 2053 addidit
311 2001 560 2065 Traianus,
592 2002 665 2048 ad
666 2001 764 2048 iidit
798 2002 956 2061 Nero,
984 2002 1062 2048 sub
1098 2016 1193 2064 quo
1233 2001 1406 2049 Pontus

103 2076 455 2129 Polemoniacus
489 2078 540 2129 &
577 2076 716 2140 Alpes
755 2075 927 2126 Cottiae
968 2075 1185 2125 Romano
1223 2071 1405 2121 nomini

103 2150 302 2202 tributae

173 2224 611 2277 XX11.Transaffis
638 2223 803 2292 igitur,
834 2241 935 2288 quae
963 2223 1019 2272 ad
1047 2221 1304 2286 septiones,
1336 2230 1404 2278 at,-

109 2316 201 2364 que
228 2298 350 2349 urbis
367 2299 526 2349 statum
545 2302 593 2348 δι
612 2299 768 2349 civilia
789 2298 1101 2361 pertinebant,
1126 2308 1285 2344 contra
1303 2293 1407 2342 Pal-

108 2389 359 2443 myrenos,
386 2373 432 2422 id
462 2373 553 2433 est,
572 2385 732 2422 contra
766 2371 1043 2428 Zenobiam,
1073 2388 1175 2436 quae
1204 2369 1405 2417 filiorum

111 2447 300 2501 nomine
335 2446 553 2498 orientale
595 2447 778 2497 tenebat
820 2445 1089 2511 imperium,
1127 2444 1213 2493 iter
1263 2440 1404 2492 flexit.
