1714 2807
331 153 389 212 78
581 153 792 198 JULII
843 153 1352 203 CAPITOLiNI

330 257 493 306 Lucius
525 258 667 305 AElius
688 261 829 306 Verus
849 296 861 314 ,
890 259 968 322 qui
997 261 1052 306 ab
1085 262 1312 310 Hadriano
1342 263 1604 327 adoptatus,

331 333 498 395 primus
522 333 658 395 Caesar
681 334 743 380 est
770 333 908 380 dietus
924 369 936 391 ‚
955 336 1004 381 δε
1031 333 1076 381 in
1101 337 1252 382 eadem
1283 337 1465 384 statione
1497 356 1607 386 con·

330 404 503 450 stitutus
529 404 674 466 periit.
703 403 793 452 Avi
814 421 863 450 ac
892 405 1075 466 proavi,
1097 407 1145 453 &
1172 406 1277 453 item
1300 408 1490 470 majores
1508 409 1605 472 plu-

331 476 460 533 rimi,
482 477 762 524 Consulares.
792 479 931 523 Natus
950 477 1009 523 est
1029 478 1188 525 Lucius
1210 480 1368 526 Romae
1383 516 1395 537 ,
1425 481 1468 525 in
1490 498 1604 542 pree-

330 560 425 595 tura
452 551 587 611 patris
619 550 709 607 sui,
733 549 910 596 decimo
931 551 1093 596 ottavo
1119 551 1341 600 Kalendas
1362 554 1608 611 lanuarias,

333 622 402 668 die
416 656 427 679 ‚
441 638 534 685 quo
555 623 604 669 &
624 622 749 668 Nero
769 659 783 680 ,
802 623 878 685 qui
898 639 1045 669 rerum
1065 623 1236 684 potitus
1251 624 1326 672 est.
1344 625 1490 689 Origo
1511 624 1608 685 ejus

333 708 511 756 paterna
545 693 753 758 pleraque
786 710 840 740 ex
864 694 1041 741 Etruria
1071 693 1182 754 fuit,
1215 709 1410 744 materna
1435 714 1490 744 ex
1524 700 1609 744 Fa-

333 778 497 813 venna.

419 842 469 886 Il.
513 840 610 887 Hac
645 839 847 902 prosapia
887 840 1095 904 genitus,
1129 855 1251 903 patre
1277 842 1341 889 ‘ab
1381 843 1609 891 Hadriano

334 913 577 974 adoptato,
600 913 642 958 in
676 911 889 960 familiam
920 913 1078 960 AEliam
1103 915 1314 974 devenit,
1335 930 1610 979 mortuoque

335 999 456 1047 patre
484 986 656 1032 Caesare
673 1022 688 1043 ,
710 986 755 1033 in
787 986 1000 1033 Hadriani
1031 987 1200 1035 familia
1224 990 1440 1036 remansit.
1471 1007 1494 1036 a
1516 1008 1610 1053 quo

339 1060 522 1106 Aurelio
554 1061 680 1107 datus
707 1060 768 1107 est
800 1061 1106 1123 adoptandus,
1132 1079 1231 1109 cum
1268 1063 1345 1109 fibi
1380 1063 1454 1110 ille
1484 1063 1612 1123 Pit-tm

336 1133 473 1181 filium
487 1169 501 1192 ,
522 1136 722 1182 Marcum
752 1147 960 1197 nepotem
977 1170 990 1193 ‚
1009 1135 1092 1181 effe
1114 1136 1346 1195 voluisset,
1369 1137 1612 1199 posteritati

337 1206 436 1253 satis
465 1207 743 1270 providens:
772 1209 820 1254 &
850 1225 899 1254 ea
930 1208 1109 1271 quidem
1143 1210 1267 1272 lege,
1302 1225 1351 1256 ut
1379 1210 1514 1256 filiam
1546 1211 1612 1258 Pii

337 1282 482 1328 Verus
506 1281 751 1342 acciperet,
779 1298 880 1344 quae
908 1282 1003 1328 data
1029 1281 1088 1328 est
1111 1284 1265 1330 Marco
1287 1283 1458 1330 idcirco
1477 1320 1489 1341 ‚
1511 1288 1615 1347 quia

334 1353 407 1399 hic
425 1353 584 1400 adhoc
609 1353 751 1415 impar
777 1355 1011 1401 videbatur
1038 1367 1190 1412 aetate,
1211 1369 1266 1402 ut·
1285 1355 1329 1402 in
1359 1357 1499 1402 Marci
1521 1357 1614 1403 vita

336 1424 636 1486 exposuimus
675 1425 823 1472 Duxit
855 1441 1001 1473 autem
1042 1444 1229 1474 uxorem
1252 1464 1266 1486 ,
1301 1429 1444 1475 Marci
1480 1429 1616 1476 filiam

339 1498 567 1547 Lucillam.
594 1500 823 1548 Educatus
853 1500 915 1546 est
942 1501 987 1547 in
1020 1502 1160 1547 domo
1187 1502 1438 1549 Tiberiana.
1473 1503 1616 1549 Audi-

340 1572 408 1618 vit
436 1573 650 1620 Scaurum
671 1608 685 1631 ‚
720 1573 1055 1636 grammaticum
1089 1575 1292 1619 Latinum
1314 1609 1329 1631 ‚
1365 1574 1519 1621 Scauri
1559 1573 1615 1620 fi-

339 1643 478 1702 lium,
505 1645 581 1707 qui
617 1644 947 1691 Grammaticus
984 1645 1199 1690 Hadriani
1240 1644 1357 1692 fuit:
1392 1648 1580 1692 Graecos
1599 1681 1614 1704 ,

339 1716 590 1778 Telephum
604 1750 618 1772 ,
645 1717 1008 1778 Hephaestionem
1025 1753 1039 1774 ,
1061 1718 1462 1779 Harpocrationem
1482 1736 1493 1765 :
1513 1719 1616 1765 rhe-

340 1801 487 1848 tores,
514 1791 809 1852 Apollonium
825 1827 838 1849 ,
871 1781 1371 1848 Celerem⁴⁸Caninium,
1390 1792 1615 1838 Herodem

344 1863 540 1910 Atticum
561 1882 572 1911 ε
594 1864 825 1923 Latinum,
848 1865 1110 1912 Cornelium
1141 1866 1443 1910 Frontonem:
1462 1864 1616 1926 philo-

342 1935 508 1997 sophos
529 1970 543 1993 ,
578 1937 876 2000 Apollonium
899 1938 949 1984 &
979 1938 1173 1983 Sextum.
1199 1937 1280 1982 hos
1314 1952 1470 1982 omnes
1499 1952 1616 1983 ama·

343 2009 411 2057 vit
446 2009 611 2067 unice,
640 2025 771 2074 atque
798 2012 853 2059 ab
879 2012 945 2058 his
978 2011 1175 2058 invicem
1205 2010 1387 2056 dilectus
1420 2007 1508 2064 est3
1533 2024 1618 2056 nec

343 2095 489 2129 tamen
521 2081 778 2146 ingeniosus
805 2084 859 2131 ad
882 2083 1040 2131 literas.
1067 2083 1250 2128 Amavit
1273 2093 1418 2128 autem
1444 2080 1489 2126 in
1512 2097 1618 2143 pue·

346 2154 446 2203 ritia
471 2157 622 2203 versus
648 2156 819 2204 facere:
844 2157 969 2220 post,
994 2158 1236 2204 orationes.
1265 2158 1312 2203 δε
1340 2154 1500 2201 melior
1517 2154 1619 2216 qui-

347 2229 446 2275 dem
471 2241 627 2276 orator
653 2231 776 2277 fuiffe
796 2231 957 2278 dicitur
973 2267 987 2287 ‚
1012 2248 1142 2294 quam
1165 2242 1330 2291 poeta:
1359 2229 1500 2274 immo
1530 2225 1619 2290 (ut

348 2301 501 2348 verius
530 2301 709 2366 dicam)
744 2301 872 2366 pejor
897 2315 1056 2365 pocta,
1076 2318 1207 2365 quam
1236 2301 1404 2347 rhetor.
1439 2315 1521 2345 nec
1543 2300 1619 2345 de-

348 2373 472 2431 sunt,
490 2374 567 2438 qui
595 2376 769 2436 dicant,
796 2393 896 2422 eum
925 2375 1046 2422 fuiffe
1075 2375 1275 2434 adjutum
1303 2372 1484 2436 ingenio
1503 2373 1617 2418 ami-

349 2462 505 2495 corum
525 2483 540 2509 ‚
571 2462 704 2516 atque
725 2450 780 2497 ab
806 2450 900 2498 aliis
925 2450 964 2498 ei
998 2450 1071 2497 illa
1089 2485 1104 2509 ,
1133 2449 1456 2513 qualiacunque
1483 2446 1584 2494 sunt
1602 2479 1619 2505 ,
