1714 2807
306 153 393 204 182
527 151 1402 202 FLAVIIVOPISCI

298 280 406 310 tana
440 262 590 307 bellum
621 263 725 308 milzi
750 261 1033 326 gravffmum
1044 263 1215 325 peperit.
1240 262 1491 314 monetarii,
1516 268 1603 309 aul*

303 335 405 380 c'lore
430 335 698 399 Feliciffi'mo,
729 339 880 384 ultimo
900 339 1141 399 servorum,
1177 340 1244 383 cui
1267 338 1601 398 procurationem

291 408 385 470 fisci
412 412 711 455 mandaveram
727 446 743 468 ‚
762 414 918 457 rebelles
927 413 1108 473 spirftus
1128 415 1373 460 extulerunt.
1397 412 1463 456 Hi
1490 428 1603 456 com-

295 480 421 543 prff
434 483 565 541 fient,
583 483 740 545 septem
779 487 964 531 millibus
994 487 1265 538 Hiberorum,
1297 483 1339 531 G*
1373 485 1608 544 Riparim-·

294 557 407 621 fiam
423 591 437 613 ,
459 553 503 602 ὃ·
525 558 833 624 Castrianorum
849 595 860 612 ,
885 557 928 605 δ’
954 561 1231 618 Daciscorum
1256 560 1491 604 interemtis.
1521 574 1606 602 urt-

303 631 352 676 de
382 646 581 690 apparet,
610 637 774 678 nullam
803 634 906 678 mihi
930 651 956 683 a
982 635 1092 680 Diis
1124 635 1428 679 immortalibus
1456 634 1604 679 datam

297 701 388 766 fine
407 702 650 765 difficultate
671 708 898 752 vic‘loriam.

390 776 617 824 XXXIX.
652 779 884 825 Tetricum
925 778 1252 841 triumphatum
1282 778 1607 826 CorreROt-em

310 850 521 897 Lucaniae
546 851 681 908 fecit,
709 851 807 899 filio
839 853 933 913 ejus
959 854 1003 900 in
1035 856 1197 902 Senatu
1224 866 1446 900 manente.
1469 854 1610 900 Tem-

310 924 432 986 plum
454 926 569 971 Solis
588 926 1068 990 magnificentiffimum
1092 927 1345 976 constituit:
1363 943 1516 974 muros
1534 942 1610 972 ur·

312 995 380 1042 bis
421 997 578 1047 Romae
609 998 667 1046 stc
707 1001 970 1062 ampliavit,
1010 1014 1059 1049 ut
1099 1001 1428 1065 quinquaginta
1465 1014 1612 1063 prope

312 1069 453 1116 millia
493 1087 727 1118 murorum
761 1071 854 1131 ejus
892 1075 1088 1121 ambitus
1122 1087 1319 1121 teneant.
1353 1077 1461 1120 Item
1499 1083 1614 1135 qua-

315 1143 601 1205 druplatores
625 1161 677 1192 ac
702 1146 923 1194 delatores
945 1147 1115 1211 ingenti
1142 1147 1376 1194 severitate
1408 1146 1616 1210 persecu-

315 1228 387 1263 tus
411 1217 499 1265 est:
519 1216 690 1264 tabulas
718 1218 920 1281 publicas
940 1221 993 1265 ad
1016 1219 1302 1279 privatorum
1331 1218 1614 1266 securitatem

317 1290 446 1337 exuri
473 1289 517 1335 in
551 1288 657 1335 foro
684 1289 866 1350 Traiani
898 1291 1026 1336 semel
1059 1289 1192 1351 juffit.
1225 1291 1455 1340 Amnestia
1481 1290 1616 1338 etiam

318 1361 399 1408 sub
417 1377 474 1407 eo
501 1361 766 1407 delifmrum
791 1362 1077 1424 publicorum
1105 1363 1282 1410 decreta
1302 1363 1362 1408 est
1386 1363 1440 1408 de
1459 1378 1617 1408 exem·-

323 1433 403 1496 plo
435 1433 803 1480 Atheniensium:
825 1433 952 1495 cujus
985 1435 1048 1481 rei
1077 1434 1210 1481 etiam
1235 1434 1413 1480 Tullius
1439 1434 1483 1480 in
1509 1432 1619 1480 Phi-

322 1505 501 1569 lippicis
520 1507 740 1554 meminit.
768 1510 900 1554 Fures
922 1507 1254 1570 provinciales,
1270 1507 1619 1569 repetundarum

324 1595 375 1630 ac
397 1580 626 1641 peculatus
659 1597 787 1637 reos,
817 1582 930 1627 ultra
959 1580 1196 1628 militarem
1215 1582 1401 1628 modum
1423 1580 1484 1628 est
1515 1597 1621 1642 per-

325 1653 501 1700 secutus
517 1689 531 1711 ,
553 1666 601 1700 ut
624 1671 703 1701 eos
728 1655 985 1718 ingentibus
1010 1653 1235 1716 suppliciis
1263 1654 1624 1717 cruciatibusque

325 1728 521 1790 puniret.
550 1729 601 1773 In
626 1729 798 1789 templo
823 1728 941 1774 Solis
971 1729 1160 1774 multum
1194 1728 1291 1775 auri
1317 1744 1623 1793 gemmarum-

327 1815 415 1861 que
438 1798 684 1846 constituit.
708 1800 826 1846 Cum
853 1799 1068 1846 vastatum
1092 1799 1322 1864 Illyricum
1344 1817 1393 1847 ac
1416 1798 1624 1847 Moesiam

330 1874 609 1936 deperditam
651 1872 852 1932 videret,
881 1874 1170 1937 provinciam
1205 1887 1325 1920 trans
1359 1873 1626 1920 Danubium

329 1947 552 2005 Daciam,
584 1965 609 1995 a
642 1947 844 2008 Traiano
868 1947 1157 1996 constitutam
1179 1982 1194 2005 ,
1215 1946 1392 1994 sublato
1424 1946 1629 1994 exercitu

332 2022 383 2069 ὅ(
410 2021 775 2084 provincialibus
793 2021 974 2085 reliquit
991 2057 1004 2080 ‚
1025 2021 1278 2084 desperans,
1299 2038 1391 2067 eam
1410 2020 1530 2081 poffe
1555 2037 1628 2066 re-

334 2085 490 2143 tineri:
515 2095 817 2157 abdtffilosque
841 2113 896 2143 ex
928 2112 978 2142 ea
1011 2095 1204 2157 populos
1231 2095 1276 2140 in
1299 2093 1502 2142 Moesiam
1526 2091 1654 2156 col-4,

335 2169 544 2224 locavit,
575 2169 911 2232 appellavitque
944 2169 1064 2216 suam
1099 2168 1288 2216 Daciam
1313 2204 1327 2226 ,
1369 2184 1470 2230 quae
1511 2183 1631 2219 nunc

338 2241 446 2287 duas
473 2240 653 2289 'Moesias
685 2241 865 2288 dividit.
889 2240 1073 2290 Dicitur
1101 2254 1314 2303 praeterea
1344 2237 1475 2299 hujus
1504 2236 1631 2289 fuisse

338 2316 614 2364 crudelitatis
629 2351 643 2372 ‚
665 2327 713 2361 ut
740 2314 958 2376 plerisque
977 2314 1268 2361 Senatoribus
1293 2312 1536 2358 simulatam
1558 2311 1633 2357 in-

338 2400 509 2455 gereret
537 2387 776 2435 factionem
806 2385 1136 2446 conjurationis
1164 2402 1214 2432 ac
1234 2383 1513 2449 tyrannidis,
1535 2397 1632 2445 quo

341 2460 519 2512 facilius
551 2477 633 2513 eos
668 2458 813 2527 poffet
844 2460 1070 2510 occidere.
1099 2459 1285 2507 Addunt
1311 2456 1557 2516 nonnulli,
1582 2453 1634 2508 fit
