1714 2807
346 167 408 214 52
594 151 1356 201 JUL11CAP1TOL1N1

345 257 518 305 Urbem
541 269 778 322 totumque
799 258 954 305 orbem
978 270 1195 306 terrarum
1221 259 1418 324 ingentia
1436 261 1629 311 celebras

345 344 391 380 ta
422 332 537 380 sunt.
562 334 616 377 Et
636 331 816 379 Cordus
834 331 1012 394 quidem
1035 332 1166 391 dicit,
1186 333 1389 396 inspeetis
1411 334 1534 382 libris
1555 337 1628 382 Si-

345 405 562 469 byllinis,
581 404 895 468 celebratisque
914 405 1126 452 omnibus
1143 440 1156 463 ,
1181 424 1284 470 quae
1305 406 1399 453 illic
1423 406 1528 467 jussa
1551 409 1628 455 vi-

346 480 593 536 debantur,
627 478 902 525 mundanum
934 478 1097 524 malum
1134 479 1218 524 effe
1251 478 1461 526 sedatum.
1490 481 1628 528 Seda-

344 564 394 599 to
425 563 552 599 terrae
589 565 742 608 motu,
772 552 1041 598 Praetextato
1070 553 1119 598 &
1150 551 1302 599 Attico
1325 553 1626 613 Consulibus,

345 626 604 673 Gordianus
618 660 630 682 ,
648 638 800 686 aperto
819 626 930 672 Jano
952 624 1149 686 geminO,
1175 624 1323 688 (quod
1344 626 1512 690 signum
1531 640 1627 675 erat
1655 670 1657 673 ,

344 699 499 747 indicti
518 697 645 762 belli)
663 696 884 760 profecius
895 697 955 743 est
970 710 1126 744 contra
1140 698 1286 744 Persas
1299 715 1400 745 cum
1423 705 1627 748 exercitu

343 771 515 837 ingenti
530 806 544 828 ,
562 771 610 817 &
630 782 757 815 tanto
781 784 920 826 auro,
938 781 984 814 ut
1006 769 1079 816 vel
1100 768 1274 817 auxiliis
1288 805 1302 828 ‚
1323 770 1394 816 vel
1409 771 1627 819 militibus

342 847 473 894 facile
494 843 642 891 Persas
674 842 854 888 vincere
883 842 1039 903 poffet.
1067 842 1186 889 Fecit
1215 841 1298 888 iter
1327 842 1372 888 in
1394 843 1625 902 Moesiam,

343 933 475 983 atque
496 918 540 964 in
561 915 657 978 ipso
679 914 913 977 procinfitu
931 950 944 971 ‚
967 914 1182 977 quidquid
1203 915 1394 962 hostium
1414 917 1460 962 in
1483 917 1626 963 Thra-

344 994 426 1043 ciis
446 992 550 1049 suit,
570 987 739 1036 delevit
754 1023 768 1046 ,
787 987 959 1051 fugavit
974 1023 988 1043 ,
1006 989 1208 1049 expulit,
1224 1002 1355 1051 atque
1382 990 1627 1038 submovit.

342 1069 450 1118 Inde
473 1081 548 1127 per
570 1061 747 1126 Syriam
771 1060 816 1106 in
835 1060 1122 1107 Antiochiam
1151 1061 1303 1117 venit,
1326 1076 1424 1122 quae
1443 1077 1467 1106 a
1489 1061 1627 1108 Persis

341 1141 430 1203 jam
468 1136 714 1184 tenebatur.
742 1133 836 1180 lllic
870 1132 1176 1196 frequentibus
1205 1134 1378 1194 proeliis
1407 1134 1624 1196 pugnavit

342 1214 393 1261 δι
424 1210 559 1265 vicit,
589 1209 756 1269 Sapore
791 1205 1014 1252 Persarum
1049 1222 1150 1268 rege
1186 1205 1411 1252 submoto.
1439 1207 1489 1254 ὅ(
1522 1207 1624 1269 post

344 1282 616 1335 Artaxansen
653 1282 700 1327 &
735 1279 1026 1326 Antiochiam
1057 1279 1252 1341 recepit,
1282 1281 1331 1327 &
1366 1280 1552 1339 Carras,
1573 1283 1624 1330 &

341 1358 541 1409 Nisibin:
569 1371 667 1417 quae
691 1353 842 1400 omnia
874 1353 951 1398 sub
976 1352 1201 1398 Persarum
1229 1352 1420 1414 imperio
1449 1366 1590 1400 erant.

406 1431 599 1478 XXVll.
627 1427 725 1472 Rex
752 1425 851 1470 sane
875 1424 1098 1471 Persarum
1130 1436 1299 1470 tantum
1334 1425 1620 1474 Gordianum

339 1503 592 1566 Principem
626 1498 798 1555 timuit,
820 1510 898 1555 ut,
923 1514 1022 1543 cum
1060 1497 1293 1543 instruitus
1318 1497 1421 1543 esset
1453 1500 1502 1545 &
1535 1499 1622 1546 suis

341 1578 488 1628 coniis
523 1577 570 1622 ὅ(
609 1571 791 1628 nostris,
824 1583 970 1616 tamen
1008 1569 1264 1616 civitatibus
1299 1569 1388 1631 ipse
1420 1571 1620 1630 praesidia

339 1627 500 1714 sponte
529 1646 786 1700 deduceret,
811 1643 964 1704 easque
989 1641 1181 1705 integras
1209 1641 1293 1687 suis
1321 1642 1496 1690 civibus
1522 1645 1620 1691 red·

339 1725 490 1778 deret,
518 1719 579 1765 ita
606 1730 656 1764 ut
684 1716 825 1773 nihil,
860 1715 988 1776 quod
1014 1716 1066 1761 ad
1097 1731 1252 1761 eorum
1282 1715 1485 1762 fortunas
1516 1733 1619 1778 per-

338 1797 520 1850 tineret,
541 1791 833 1839 attaminaret.
851 1789 934 1836 Sed
954 1789 1047 1836 haec
1075 1788 1228 1835 omnia
1248 1805 1325 1850 per
1347 1789 1618 1850 Misitheum,

339 1869 541 1916 socerum
575 1862 823 1919 Gordiani,
858 1862 1138 1924 eundemque
1174 1860 1464 1917 Praefectum,
1503 1864 1618 1925 gesta

337 1942 450 1988 sunt.
481 1937 693 1984 Efferfi'tum
733 1933 923 1996 denique
955 1933 1044 1990 est,
1072 1945 1120 1978 ut
1152 1932 1317 1988 Persae,
1349 1932 1427 1995 qui
1457 1932 1540 1993 jam
1568 1935 1617 1981 in

335 2013 464 2061 Italia
484 2010 777 2063 timebantur,
800 2006 844 2051 in
867 2022 1051 2066 regnum
1074 2004 1222 2061 suum,
1245 2017 1468 2066 pugnante
1489 2008 1616 2060 Gor-

337 2083 476 2131 diano
493 2117 507 2138 ,
532 2079 757 2132 redirent,
781 2089 1018 2137 totumque
1041 2075 1273 2120 Orientem
1301 2076 1504 2122 Romana
1526 2076 1616 2122 res-

336 2155 516 2219 publica
537 2151 767 2198 detineret.
796 2148 944 2193 Exstat
967 2148 1117 2193 oratio
1148 2148 1371 2193 Gordiani
1399 2150 1454 2194 ad
1480 2151 1615 2196 Sena-

334 2241 461 2284 tum,
491 2241 579 2287 qua
616 2223 669 2268 de
700 2222 828 2267 rebus
857 2220 982 2282 gestis
1007 2219 1231 2278 scribens,
1252 2221 1461 2267 Misitheo
1493 2224 1613 2268 Prae-

334 2299 455 2347 seito
481 2299 560 2344 suo
588 2298 636 2344 &
661 2295 818 2340 socero
840 2293 1042 2354 ingentes
1061 2295 1220 2356 gratias
1237 2294 1346 2357 agit:
1367 2294 1489 2354 cujus
1510 2312 1612 2355 par-

336 2387 426 2419 tem
455 2372 621 2426 indidi,
656 2382 703 2415 ut
727 2385 784 2414 ex
810 2384 865 2414 eo
899 2384 1003 2413 vera
1033 2368 1340 2430 cognosceres.
1372 2370 1468 2433 Post
1497 2371 1610 2428 lzaec,

335 2448 482 2494 Patres
505 2445 721 2505 corzfiripti
734 2476 750 2501 ‚
769 2461 879 2504 quac,
899 2445 995 2488 dum
1032 2444 1105 2489 iter
1127 2446 1315 2505 agimus,
1340 2444 1446 2510 gesta
1470 2445 1576 2506 ficut
1593 2479 1609 2504 ,

657 2653 680 2686 l
