1714 2807
333 153 427 199 204
570 140 1430 190 FLAVIIVOPISCI

329 245 509 306 agnosco
533 260 731 308 togatum.
765 247 820 291 Et
853 245 1050 294 Floriani
1080 248 1209 294 liberi
1237 251 1284 296 δι
1315 250 1465 297 Taciti
1493 251 1625 300 multi

327 316 620 363 exstiterunt:
656 335 856 382 quorum
888 321 988 366 sunt
1019 321 1214 382 posteri,
1243 323 1405 380 credo,
1440 321 1623 369 millefi-

328 404 453 434 mum
487 386 653 437 annum
673 391 990 454 exspectantes.
1018 395 1064 439 ln
1091 411 1205 455 quos
1231 395 1368 441 multa
1403 395 1624 459 epigram-

325 473 444 507 mata
472 462 659 525 scripta,
684 480 780 527 quo
811 464 950 525 jocati
977 465 1077 512 sunt
1104 466 1358 529 haruspices
1381 467 1621 530 imperium

325 534 608 594 pollicentes.
640 539 761 594 *Haec
790 537 923 598 sunt,
958 557 1060 603 quae
1090 540 1143 585 de
1171 540 1265 587 vita
1295 541 1444 588 Taciti
1488 555 1623 604 atque

325 604 525 653 Floriani
545 609 677 671 digna
704 623 954 657 memoratu
974 611 1240 672 comperisse
1262 612 1460 660 memini.
1486 615 1622 660 Nunc

324 678 460 725 nobis
494 683 818 744 aggrediendus
852 684 913 729 est
950 686 1136 742 Probus,
1161 683 1240 730 'vir
1270 685 1396 731 domi
1424 685 1622 750 forisque

324 751 622 814 conspicuus,
653 755 726 801 vir
765 757 1046 814 Aurelian0‚
1081 755 1313 819 Trajan—10,
1352 759 1581 807 Hadriano
1607 795 1621 815 ‚

322 826 568 873 Antoninis
586 863 599 884 ‚
634 829 896 878 Alexandro
913 866 926 886 ,
961 830 1248 894 Claudioque
1285 831 1620 894 praeferendus3

323 897 405 943 nisi
427 899 531 962 quia
558 899 602 945 in
623 901 710 947 illis
731 903 882 963 varia,
902 903 947 949 in
974 903 1064 950 hoc
1087 903 1241 950 omnia
1264 905 1488 967 praecipua
1511 919 1619 955 tunc

322 969 472 1018 fuere:
507 974 584 1036 qui
619 975 718 1035 post
749 976 992 1035 Tacitum,
1023 977 1226 1023 omnium
1259 975 1430 1038 judicio
1466 978 1620 1025 bono-

323 1059 448 1099 rum,
476 1046 727 1109 Imperator
754 1049 815 1095 est
845 1049 1009 1106 factus,
1030 1051 1280 1112 orbemque
1299 1063 1516 1097 terrarum
1541 1069 1620 1114 pa-

321 1116 589 1165 catiffimurn
627 1121 922 1184 gubernavit,
962 1121 1118 1169 deletis
1147 1122 1346 1169 barbaris
1381 1124 1618 1187 gentibus,

320 1190 478 1237 deletis
505 1192 636 1239 etiam
669 1195 875 1256 plurimis
906 1208 1237 1260 tyrannorum,
1267 1196 1345 1260 qui
1375 1196 1469 1256 ejus
1501 1212 1617 1244 tem—

322 1263 512 1325 poribus
540 1265 828 1314 exstiterunt:
855 1268 908 1314 (le
938 1285 1032 1331 quo
1066 1268 1229 1316 dictum
1255 1270 1341 1326 est,
1370 1282 1419 1315 ut
1445 1271 1618 1317 Probus

321 1336 573 1397 diceretur,
589 1340 759 1387 etiamsi
784 1341 958 1388 Probus
979 1341 1167 1388 nomine
1188 1359 1280 1389 non
1305 1342 1463 1391 fuiffet.
1484 1361 1618 1407 quem

319 1412 501 1474 quidem
530 1415 661 1460 multi
699 1414 877 1472 ferunt,
911 1415 1043 1462 etiam
1076 1415 1313 1480 Sibyllinis
1344 1417 1467 1463 libris
1506 1433 1617 1478 pro·

319 1485 520 1533 missum:
546 1487 622 1549 qui
651 1487 679 1534 si
709 1487 875 1534 diutius
901 1487 1071 1546 fuiffet,
1102 1489 1226 1535 orbis
1250 1503 1378 1535 terrae
1401 1491 1617 1536 barbaros

320 1574 415 1605 non
451 1559 649 1607 haberet.
681 1561 788 1609 Haec
824 1577 909 1625 ego
947 1562 994 1608 in
1025 1561 1218 1608 aliorum
1252 1561 1344 1609 vita
1376 1563 1430 1609 de
1460 1563 1616 1610 Probo

318 1632 490 1680 credidi
520 1634 820 1696 praelibanda,
841 1653 896 1683 ne
917 1636 1008 1682 dies
1025 1672 1038 1692 ‚
1071 1636 1182 1682 hora
1198 1671 1211 1693 ‚
1232 1649 1511 1683 momentum
1536 1636 1617 1683 ali-

318 1704 430 1766 quid
449 1705 528 1752 fibi
558 1707 843 1767 vindicaret,
861 1725 916 1755 ne
942 1707 1065 1753 fatali
1088 1707 1341 1754 neceffitate
1363 1706 1616 1766 absumtus‚

318 1778 473 1826 Probo
495 1780 666 1827 indicto
691 1781 957 1844 deperirem.
976 1783 1113 1827 Nunc
1135 1781 1338 1827 claudam
1366 1781 1615 1840 volumen,

317 1848 585 1898 satisfaftum
606 1853 821 1900 arbitrans
840 1852 983 1900 studio
1006 1853 1055 1901 &
1077 1851 1311 1915 cupiditati
1329 1869 1454 1899 meae.

382 1925 460 1971 IV.
485 1925 655 1972 Omina
684 1926 862 1988 imperii
885 1925 1050 1972 Tacito
1083 1925 1179 1972 haec
1214 1924 1407 1972 fuerunt.
1441 1925 1615 1973 Fanati-

315 2013 395 2044 cus
426 1997 606 2060 quidam
634 1999 680 2044 in
714 1999 886 2061 templo
912 1997 1105 2063 Sylvani
1133 1998 1262 2045 tenfis
1295 1998 1506 2044 membris
1529 2015 1611 2044 ex-

317 2069 553 2128 clamavit,
585 2073 726 2123 Taciti
746 2090 975 2133 purpuram
979 2107 999 2128 0
1029 2073 1170 2117 Taciti
1192 2089 1416 2132 purpuram
1431 2090 1452 2126 ;
1477 2071 1612 2133 idque

298 2141 524 2204 septimo.
553 2145 678 2207 quod
700 2145 879 2206 quidem
910 2143 1059 2204 postea
1085 2143 1228 2190 omini
1249 2146 1509 2206 deputatum
1535 2143 1612 2191 est.

316 2215 504 2274 Vinum,
521 2233 614 2279 quo
632 2217 849 2264 libaturus
868 2216 1054 2264 Tacitus
1078 2216 1218 2263 fuerat
1235 2216 1281 2262 in
1301 2216 1471 2278 templo
1493 2217 1611 2261 Her·

315 2290 430 2337 culis
463 2290 690 2347 Fundani,
731 2290 877 2337 subito
911 2308 1188 2354 purpureum
1228 2290 1387 2338 facium
1419 2291 1493 2337 est=
1524 2290 1610 2336 Vi-

314 2364 396 2422 tis,
417 2380 515 2425 quae
534 2380 648 2411 uvas
671 2363 881 2411 Amineas
898 2364 1018 2411 albas
1039 2363 1210 2410 ferebat
1225 2399 1236 2420 ,
1263 2380 1319 2410 eo
1343 2379 1493 2420 anno,
1515 2377 1609 2424 quo

311 2435 390 2485 ille
425 2436 664 2510 imperium
701 2436 892 2498 meruit,
923 2435 1243 2501 purpurascere
1275 2434 1467 2499 plurima
1497 2450 1609 2497 pur-
