1637 2785
283 134 413 183 AELu
447 131 767 180 SPARTIANI
802 132 1085 181 SEVERUS.
1258 148 1339 195 ¹43

58 242 203 291 sulari.
225 244 341 290 Cum
368 243 562 288 Romam
586 240 801 298 venisset,
825 240 1044 303 hospitem
1068 241 1245 299 naGus,
1268 243 1346 305 qui

55 314 268 362 Hadriani
293 314 431 360 vitam
465 313 799 375 imperatoriam
829 314 980 360 eadem
1009 315 1120 361 bora
1155 316 1346 378 legeret,

53 388 181 450 quod
216 386 293 432 fibi
323 402 459 432 omen
490 384 650 432 futurae
685 383 911 431 felicitatis
945 385 1143 447 arripuit.
1179 389 1347 435 Habuit

53 459 184 506 etiam
209 458 326 505 aliud
351 473 485 505 omen
513 457 703 521 imperii.
732 459 846 504 Cum
868 469 1051 521 rogatus
1084 460 1137 504 ad
1167 476 1344 506 coenan.

51 530 385 593 imperatoriam
402 566 415 586 ‚
439 528 644 592 palliatus
665 528 876 586 veniffet,
891 528 967 591 qui
986 542 1165 591 togatus
1186 532 1344 578 venire

52 603 290 661 debuerat,
308 616 458 668 togam
485 603 792 666 praesidiariam
812 602 946 665 ipsius
970 604 1253 666 Imperatoris
1274 622 1343 652 ac·

52 678 185 741 cepit.
211 678 374 726 Eadem
405 681 536 726 noc'te
564 677 836 735 somniavit,
870 677 988 739 lupae
1021 676 1063 724 se
1098 678 1341 735 uberibus,

51 761 102 795 ut
132 750 323 797 Remum
357 751 602 807 inhaerere,
639 750 712 797 vel
749 750 1014 798 Romulum.
1048 750 1168 796 Sedit
1210 753 1259 799 &
1297 752 1343 797 in

51 820 154 869 sella
187 822 503 887 imperatoria,
535 836 702 870 temere
723 839 747 869 a
781 821 984 869 ministro
1016 821 1189 885 posita,
1219 823 1342 886 igna-

51 910 147 950 rus,
172 897 299 959 quod
331 913 427 944 non
450 897 615 944 liceret.
636 895 897 943 Dormienti
925 893 1055 943 etiam
1088 895 1133 942 in
1170 895 1343 944 stabulo

51 966 229 1029 serpens
263 980 396 1030 caput
434 969 610 1024 cinxit,
641 970 692 1016 &
725 967 814 1015 fine
849 983 998 1028 noxa,
1023 968 1343 1033 expergefaffis

51 1041 100 1087 &
123 1039 473 1088 acclamantibus
496 1038 787 1086 familiaribus
804 1075 816 1096 ‚
839 1039 964 1087 abiit.

117 1116 165 1160 11.
192 1115 433 1161 Juventam
460 1112 638 1175 plenam
671 1112 901 1170 surorum,
930 1130 1260 1180 nonnunquam
1290 1119 1340 1164 &

50 1184 316 1242 criminum,
343 1184 511 1234 habuit.
540 1185 761 1233 Adulterii
791 1185 962 1234 causam
993 1187 1132 1246 dixit,
1157 1188 1341 1236 absolu·

49 1258 205 1321 tusque
229 1258 290 1304 est
315 1275 338 1304 a
359 1259 538 1305 Juliano
560 1258 835 1306 Proconsule
853 1277 864 1306 :
885 1259 959 1307 cui
988 1262 1036 1308 &
1061 1260 1108 1306 in
1136 1261 1342 1308 Procon-

49 1327 189 1375 sulatu
211 1329 438 1387 succeffit‚
460 1332 508 1378 &
531 1330 577 1377 in
597 1330 846 1378 Consulatu
876 1332 1050 1396 collega
1075 1333 1189 1390 fuit,
1217 1336 1264 1383 δι
1293 1335 1341 1383 in

49 1399 242 1463 imperio
271 1401 376 1448 item
410 1402 622 1450 succeffit.
649 1403 935 1464 Quaesturam
967 1405 1207 1468 diligenter
1235 1407 1341 1470 egit,

50 1474 278 1520 Omnibus
307 1473 502 1522 sortibus
536 1487 687 1533 natus,
716 1475 897 1522 militari
925 1474 1025 1538 post
1056 1475 1340 1536 Quaesturam

49 1545 168 1592 sorte
194 1547 400 1595 Baeticam
427 1549 623 1610 accepit:
654 1561 788 1611 atque
816 1548 920 1596 inde
948 1546 1147 1595 Africam
1178 1550 1340 1612 petiit,

49 1630 100 1663 ut
131 1632 313 1665 mortuo
343 1633 462 1681 patre
484 1636 576 1666 rem
600 1620 889 1667 domesticam
921 1635 1233 1683 componeret.
1255 1624 1340 1670 Sed

49 1692 155 1738 dum
192 1692 238 1738 in
273 1693 420 1740 Africa
450 1693 541 1748 est,
573 1711 658 1756 pro
702 1696 865 1741 Baetica
895 1695 1091 1742 Sardinia
1127 1696 1167 1743 ei
1207 1698 1341 1744 attri-

48 1765 152 1811 buta
179 1765 263 1822 est,
293 1767 418 1829 quod
444 1767 652 1813 Baeticam
684 1768 830 1814 Mauri
857 1768 1207 1831 populabantur.
1230 1772 1338 1819 Asta

48 1838 185 1901 igitur
208 1839 446 1899 Quaestura
469 1840 734 1888 Sardiniensi
751 1877 762 1898 ‚
785 1841 1053 1905 legationem
1079 1845 1340 1892 Proconsu-

48 1912 103 1958 lis
134 1911 298 1960 Africae
326 1914 511 1977 accepit.
540 1917 589 1960 ln
612 1930 700 1977 qua
727 1915 954 1979 legatione
981 1933 1081 1964 cum
1109 1934 1213 1964 eum
1241 1919 1340 1983 qui-

49 1984 148 2030 dam
169 1986 447 2050 municipum
469 1986 651 2035 suorum
671 1990 931 2050 Leptitanus
945 2025 959 2048 ,
973 1991 1336 2053 praecedentibus

48 2055 264 2116 fascibus,
286 2072 334 2105 ut
360 2059 591 2121 antiquum
624 2061 992 2109 contubernalem
1019 2062 1109 2125 ipse
1134 2063 1336 2125 plebeius

49 2129 280 2190 amplexus
309 2130 440 2186 esset,
470 2129 656 2177 fustibus
694 2148 793 2178 eum
824 2132 902 2179 sub
942 2133 1097 2196 elogio
1137 2133 1334 2194 ejusdem

48 2201 272 2263 praeconis
292 2202 453 2249 cecidit
468 2238 480 2259 ,
507 2206 706 2265 Legatum
725 2208 872 2265 populi
893 2207 1083 2250 Romani
1106 2208 1332 2267 bomople-

50 2275 166 2332 bejus
191 2293 326 2321 temere
354 2278 538 2337 ampleft'i
562 2279 662 2323 noli.
687 2292 743 2323 ex
771 2292 864 2339 quo
896 2276 1053 2323 fastum
1084 2276 1172 2335 est,
1202 2291 1250 2322 ut
1283 2278 1332 2324 in

51 2348 262 2393 vehiculo
290 2347 422 2393 etiam
463 2348 596 2411 legati
636 2348 862 2405 sederent,
898 2351 974 2410 qui
1007 2362 1107 2394 ante
1148 2349 1333 2409 pedibus

50 2420 352 2470 ambulabant.
384 2423 518 2469 Tunc
552 2422 598 2469 in
628 2422 820 2486 quadam
857 2422 1044 2470 civitate
1088 2420 1328 2481 Africana,
