1714 2807
325 145 410 204 148
532 145 1399 193 AELIISPARTIANI

315 264 484 298 nantes.
515 250 612 296 Alia
647 250 749 308 die,
781 251 959 298 armatis
986 251 1166 314 stipatus
1195 269 1288 300 non
1316 252 1459 300 solum
1478 253 1592 301 mili-

315 324 432 372 tibus
449 359 462 381 ,
490 323 562 370 sed
587 323 718 371 etiam
750 324 933 383 amicis,
956 325 999 371 in
1031 327 1238 372 Senatum
1261 326 1402 374 venit.
1426 328 1474 372 In
1514 343 1592 374 cu·

315 397 380 444 ria
408 397 597 443 reddidit
618 396 833 444 rationem
861 399 1046 460 suscepti
1076 399 1271 460 imperii,
1305 398 1591 461 causatusque

317 471 377 518 est
396 507 408 527 ,
438 470 562 532 quod
589 471 643 515 ad
662 470 701 516 se
722 471 1018 518 occidendum
1049 472 1248 519 Julianus
1275 484 1411 519 notos
1429 473 1590 520 ducum

315 543 511 591 caedibus
530 542 716 589 misisset.
738 544 850 590 Fieri
869 544 997 590 etiam
1028 545 1462 592 Senatusconsultum
1483 562 1592 592 coe-

315 617 402 678 git,
423 636 472 662 ne
502 620 634 663 liceret
661 621 930 678 Imperatori,
952 621 1185 678 inconsulto
1217 624 1400 677 Senatu,
1419 623 1592 667 occidere

314 694 564 736 Senatorem.
584 690 667 735 Sed
687 707 789 736 cum
811 690 854 735 in
877 693 1036 736 Senatu
1054 691 1180 745 effer,
1198 692 1359 738 milites
1379 709 1456 755 per
1476 693 1590 739 sedi-

313 761 486 807 tionem
506 762 618 807 dena
639 761 774 807 millia
791 762 1095 822 poposcerunt
1110 779 1132 808 a
1152 763 1348 820 Senatu,
1377 766 1588 826 exemplo

313 849 469 880 eorum
487 868 501 890 ,
521 834 598 895 qui
625 833 872 896 Augustum
904 835 1146 881 Ofilavium
1177 836 1368 883 Romam
1390 838 1590 884 deduxe-

314 917 414 950 rant
431 939 443 960 ,
466 917 727 967 tantumque
755 918 1034 966 acceperant.
1064 909 1118 953 Et
1144 923 1246 954 cum
1274 924 1352 954 eos
1376 908 1588 955 voluisset

314 978 610 1040 comprimere
630 979 842 1034 Severus,
860 995 940 1025 nec
966 979 1205 1041 potuiffet;
1235 992 1380 1026 tamen
1412 980 1588 1044 initiga-

314 1063 412 1107 tos,
437 1050 582 1096 addita
615 1051 875 1096 liberalitate
891 1086 904 1108 ‚
926 1051 1100 1097 dimifit.
1124 1055 1273 1099 Funus
1302 1052 1460 1098 deinde
1479 1070 1588 1100 cen-

311 1124 479 1172 sorium
506 1123 746 1171 Pertinacis
771 1124 949 1187 imagini
971 1125 1124 1182 duxit,
1147 1142 1337 1188 eumque
1362 1126 1477 1173 inter
1496 1124 1587 1174 Di.-

312 1216 401 1247 vos
421 1199 634 1254 sacravit,
667 1198 818 1255 addito
841 1197 1020 1245 flamine
1037 1233 1050 1255 ,
1080 1199 1128 1244 &
1150 1198 1372 1245 sodalibus
1400 1200 1588 1246 Helvia-

313 1273 408 1329 nis‚
447 1272 523 1335 qui
560 1272 775 1318 Marciani
812 1271 995 1318 fuerant.
1035 1271 1076 1317 se
1113 1287 1294 1334 quoque
1330 1275 1584 1319 Pertinacem

311 1345 472 1392 vocari
489 1345 631 1405 jussit:
652 1345 854 1407 quamvis
873 1343 1021 1405 postea
1047 1345 1090 1391 id
1114 1360 1279 1390 nomen
1305 1345 1474 1390 aboleri
1494 1362 1584 1393 vo-

309 1417 472 1474 luerit,
500 1416 780 1479 querimonia
807 1416 1069 1464 amicorum.
1098 1416 1283 1464 Dehinc
1313 1433 1370 1462 aes
1391 1417 1583 1465 alienum

312 1488 525 1536 dissolvit.

378 1564 494 1607 VIll.
517 1560 644 1608 Filias
675 1560 767 1608 suas
795 1561 993 1618 dotatas,
1014 1560 1180 1608 maritis
1202 1561 1352 1608 Probo
1380 1561 1428 1607 &
1447 1562 1582 1610 Aetio

308 1635 442 1681 dedit.
466 1636 519 1681 Et
551 1651 651 1680 cum
677 1635 829 1680 Probo
858 1650 1024 1697 genero
1051 1633 1128 1679 suo
1160 1632 1459 1695 praesediuram
1489 1635 1582 1680 Ur-

308 1707 375 1754 bis
415 1707 669 1763 obmliffet,
698 1707 770 1752 ille
807 1707 1055 1763 recusavit,
1086 1706 1312 1769 dixitque,
1344 1708 1582 1771 minusstbi

308 1783 437 1826 videri
455 1779 689 1837 Praefeffum
708 1779 792 1844 effi,
814 1799 936 1841 quam
956 1781 1164 1840 Principis
1181 1798 1379 1840 generum.
1396 1780 1580 1825 Utrum·

305 1869 393 1915 que
423 1866 567 1899 autem
601 1869 812 1915 generum
840 1852 965 1898 suum
1002 1853 1143 1899 statim
1167 1851 1406 1898 Consulem
1438 1851 1577 1908 fecit.

303 1940 545 1987 utrumque
584 1925 758 1971 ditavit.
795 1925 891 1970 Alia
920 1926 990 1972 die
1018 1926 1071 1971 ad
1103 1926 1310 1970 Senatum
1350 1924 1500 1982 venit,
1531 1927 1580 1973 &

302 1999 478 2046 amicos
503 1999 684 2054 Juliani,
710 1998 952 2055 incusatos,
976 1997 1293 2060 proscriptioni
1316 2014 1365 2043 ac
1387 1998 1579 2046 neci1de-

254 2120 255 2123 ,
304 2071 384 2118 dit.
412 2071 574 2117 Causas
606 2070 815 2132 plurimas
849 2071 1036 2116 audivit.
1068 2070 1307 2117 Accusatos
1331 2087 1354 2115 a
1385 2071 1578 2131 provin-

301 2143 489 2190 cialibus
518 2142 687 2201 judices
707 2179 717 2195 ,
745 2143 944 2204 probatis
977 2144 1130 2198 rebus,
1153 2144 1347 2204 graviter
1383 2143 1577 2202 punivit.

302 2217 386 2262 Rei
428 2215 757 2273 frumentariae,
790 2232 921 2277 quam
966 2214 1194 2260 minimam
1228 2227 1478 2274 repererat,
1516 2214 1575 2259 ita

301 2287 555 2344 consuluit,
577 2300 651 2344 ut,
671 2289 887 2333 excedens
909 2286 996 2347 ipse
1022 2286 1110 2331 vita
1128 2321 1142 2343 ‚
1167 2286 1327 2347 septem
1351 2303 1574 2333 annorum

301 2379 520 2409 canonem
552 2364 724 2425 populo
757 2364 967 2408 Romano
998 2362 1282 2425 relinqueret.
1314 2362 1383 2407 Ad
1407 2360 1575 2406 Orien-

300 2434 356 2488 tis
379 2435 534 2485 statum
567 2435 923 2486 confirmandum
947 2434 1167 2499 profectus
1193 2435 1277 2495 est,
1303 2433 1414 2481 nihil
1433 2433 1574 2481 adhuc
