1637 2785
248 119 510 168 DIVUS
559 120 1122 168 AUREL-IANUS.
1271 136 1356 187 175

54 226 140 274 mis
156 243 170 283 ;
184 238 276 274 tum
293 227 453 275 Perfiei
470 227 694 274 dracones
714 264 728 284 ‚
747 229 791 275 δέ
813 228 964 283 tiarae;
987 241 1080 274 tum
1103 244 1241 292 genus
1261 246 1365 290 pur-

55 318 207 363 purae,
233 301 362 364 quod
388 299 551 363 postea*
568 317 650 346 nec
687 300 774 346 ulla
803 317 910 363 gens
944 300 1135 357 detulit,
1160 318 1242 349 nec
1266 302 1366 348 Ro-

54 391 214 422 manus
233 373 358 419 orbis
379 372 518 419 vidit:
543 373 597 418 de
616 389 703 435 qua
732 390 873 435 pauca
898 373 1048 419 saltem
1072 374 1180 420 libet
1202 374 1368 423 dicere.

83 506 85 508 r
119 446 298 494 XXIX.
321 444 592 491 Meministis
620 445 741 491 enim
765 481 778 503 ‚
809 445 934 491 fuiffe
966 445 1011 490 in
1043 447 1216 509 templo
1237 448 1367 496 Jovis

54 519 236 583 Optimi
265 516 457 565 Maximi
492 516 750 580 Capitolini
790 517 974 578 pallium
1013 517 1154 564 breve
1187 535 1366 580 purpu-

53 610 181 641 reum
206 591 415 638 lanestre:
439 591 493 637 ad
523 591 653 654 quod
687 607 789 637 cum
822 603 1068 642 matronae‚
1103 604 1237 653 atque
1274 591 1366 653 ipse

56 666 328 713 Aurelianus
343 700 357 724 ,
382 663 623 727 jungerent
645 680 865 726 purpuras
889 663 1008 720 suas,
1031 662 1195 711 cineris
1219 664 1367 727 specie

56 737 317 789 decolorari
345 737 619 784 videbantur
649 749 841 792 ceterae,
874 735 1024 782 divini
1054 738 1369 799 comparatio-

57 828 116 860 ne
147 811 353 875 fulgoris.
381 812 486 859 Hoc
509 828 674 858 munus
698 827 775 857 rex
804 809 1039 857 Persarum
1069 811 1124 858 ab
1152 811 1272 858 Indis
1297 811 1369 858 in-

58 886 304 934 terioribus
332 885 555 942 sumtum,
586 884 837 932 Aureliano
877 884 1039 930 dediffe
1074 885 1370 947 perhibetur,

61 957 277 1016 scribens,
294 964 419 1006 Sume
430 978 666 1021 purpuram
684 995 696 1017 ,
713 961 852 1020 qualis
870 961 989 1019 apud
1004 977 1080 1004 nos
1101 961 1164 1026 est.
1186 958 1258 1006 sed
1277 959 1371 1009 hoc

61 1033 216 1081 falsum
239 1033 338 1082 fuit.
360 1051 462 1079 nam
482 1033 635 1095 postea
660 1032 990 1095 diligentiflime
1007 1034 1055 1080 &
1078 1033 1372 1091 Aurelianus,

62 1111 112 1158 ὃ(
134 1110 322 1166 Probus,
345 1111 393 1156 δε
418 1107 627 1170 proxime
648 1106 972 1154 Diocletianus
989 1141 1000 1161 ,
1023 1106 1159 1154 miffis
1179 1107 1373 1171 diligen⁴

66 1181 240 1230 tiffimis
260 1181 600 1245 confe&oribus
615 1215 628 1236 ,
645 1179 979 1242 requifiverunt
1000 1179 1086 1226 tale
1108 1197 1248 1243 genus
1266 1200 1372 1245 pur-

65 1269 211 1314 purae,
243 1269 326 1300 nec
350 1265 498 1298 tamen
528 1251 739 1298 invenire
770 1262 1032 1313 potuerunt.
1053 1251 1221 1299 dicitur
1248 1253 1371 1300 enim

63 1323 221 1372 sandix
244 1326 411 1373 'Indica
445 1325 578 1371 talem
610 1341 856 1386 purpuram
890 1322 1065 1383 facere,
1100 1323 1133 1370 fi
1172 1338 1374 1373 curetur.

64 1399 153 1445 Sed
170 1400 224 1445 ad
245 1399 426 1460 incepta
445 1390 697 1446 re'deamus.

99 1472 252 1517 XXX.
270 1473 432 1535 Ingens
445 1483 595 1518 tamen
611 1469 817 1533 strepitus
830 1468 1025 1517 militum
1043 1469 1128 1517 fuit
1146 1470 1374 1531 omnium,

67 1543 318 1590 Zenobiam
344 1545 399 1590 ad
429 1560 615 1604 poenam
645 1543 946 1606 poscentium.
973 1544 1046 1590 sed
1069 1544 1338 1592 Aurelianus
1355 1581 1375 1604 ‚

69 1614 305 1679 indignum
326 1616 850 1672 existimans‚mulierem
866 1617 1084 1674 interimi,
1104 1618 1260 1666 occisis
1280 1620 1377 1682 ple-

71 1688 248 1751 risque,
273 1689 438 1753 quibus
456 1690 717 1737 audior-ibus
741 1690 814 1737 illa
843 1691 1011 1737 bellurn
1037 1706 1276 1751 moverat,
1298 1710 1380 1756 pa-

70 1775 277 1820 raverat,
311 1763 523 1826 gesserat,
554 1764 791 1826 triumpho
829 1764 1064 1811 mulierem
1099 1765 1382 1825 reservavit,'

72 1849 125 1882 ut
146 1835 307 1898 populi
334 1835 531 1882 Romani
561 1836 706 1884 oculis
736 1836 841 1883 effet
874 1837 1087 1886 ostentui.
1112 1840 1270 1886 Grave
1304 1840 1382 1889 in—

74 1919 144 1954 ter
176 1924 285 1968 eos,
318 1909 396 1972 qui
432 1909 529 1957 caefi
572 1910 710 1966 sunt,
746 1911 800 1957 de
830 1912 1048 1976 Longino
1093 1913 1379 1976 philosopho

3 2009 5 2013 ·
75 1979 203 2027 fuiffe
227 1982 513 2044 perhibetur,
528 2000 623 2046 quo
645 1984 719 2030 illa
743 1985 953 2048 magistro
974 1985 1051 2032 usa
1069 1986 1153 2033 effe
1172 1987 1227 2034 ad
1250 1989 1379 2035 Grae·

77 2069 151 2100 cas
178 2055 326 2101 literas
351 2056 540 2104 dicitur:
567 2074 699 2121 quem
729 2058 918 2122 quidem·
942 2060 1214 2107 Aurelianus
1242 2059 1379 2109 idcir·

77 2143 137 2174 co
173 2127 335 2175 dicitur
370 2130 606 2187 occidiffe‚
642 2132 770 2194 quod
806 2131 1043 2193 superbior
1077 2132 1153 2178 illa
1188 2132 1379 2194 epistola

29 2249 32 2252 ,
76 2198 214 2259 ipfius
233 2201 457 2248 diceretur
477 2203 637 2249 difflata
658 2204 852 2251 confilio
867 2241 880 2260 ‚
907 2204 1117 2267 quamvis
1136 2207 1254 2270 Syro
1275 2206 1380 2254 ess'et

77 2271 288 2320 sermone
305 2276 540 2323 contexta.'
556 2277 724 2324 Pacato
745 2277 879 2341 igitur
904 2277 1123 2332 Oriente,
1152 2279 1198 2323 in
1228 2281 1381 2326 Euro-

77 2363 180 2408 pam
211 2348 477 2396 Aurelianus
505 2351 634 2401 rediit
658 2351 832 2407 vietor,
853 2364 987 2413 atque
1009 2352 1099 2415 iniq
1120 2354 1379 2414 Carporum

79 2421 237 2482 copias
265 2420 445 2471 afflixit:
470 2424 521 2471 &
549 2439 652 2471 cum
682 2423 811 2471 illurn
835 2426 1055 2486 Carpicum
1085 2426 1268 2474 Senatus
1291 2427 1374 2474 ab·³
