1637 2785
310 109 1135 163 MAX1M1N1DU0.
1332 129 1362 176 9

81 237 209 276 creto
229 225 441 280 senatus,
459 220 680 284 Augustus
703 220 758 266 ab
782 219 980 267 exercitu
1005 217 1250 281 appellatus
1274 217 1364 276 est,

83 300 181 346 filio
210 297 383 344 fibimet
414 295 460 341 in
489 293 802 357 participatum
834 293 962 338 dato:
997 293 1051 338 de
1077 309 1170 352 quo
1201 308 1366 353 pauca,

83 390 184 436 quae
219 370 351 417 nobis
388 367 491 415 sunt
521 366 735 429 cognita,
765 381 873 411 mox
907 366 1121 413 dicemus.
1156 366 1367 412 Maximi-

85 461 170 492 nus
187 455 334 491 autem
358 457 407 493 ea
428 440 510 487 fuit
531 439 698 501 semper
727 439 906 496 astutia,
929 452 978 485 ut
999 439 1159 485 milites
1178 455 1269 484 non
1296 438 1368 483 so·

85 519 178 564 lum
210 515 378 564 virtute
414 525 611 576 regeret,
648 512 722 559 sed
756 511 888 558 etiam
924 512 1116 573 praemiis
1150 514 1196 560 &
1234 511 1369 558 lucris

86 589 147 636 sui
177 586 495 635 amantiffimos
521 585 734 633 redderet.
764 586 1008 646 Nunquam
1036 584 1110 632 ille
1142 600 1370 630 annonam

87 659 332 724 cujuspiam
363 659 482 707 tulit.
509 676 740 722 nunquam
767 657 879 716 fuit,
913 658 990 722 qui
1015 658 1060 704 in
1087 657 1281 704 exercitu
1309 656 1371 702 fa-

87 736 192 793 ber,
225 747 300 781 aut
330 733 507 780 alterius
537 732 632 787 rei,
663 743 710 777 ut
736 731 938 794 plerique
966 731 1090 789 sunt,
1122 730 1281 777 artifex
1312 727 1375 774 es-

87 806 165 853 set.
199 805 306 853 solis
337 804 657 852 venationibus
688 803 888 866 legiones
912 802 1170 866 frequenter
1198 817 1375 848 exerce-

87 878 178 926 bat.
206 879 291 925 Sed
321 877 437 925 inter
462 878 537 924 has
569 876 759 922 virtutes
784 889 874 922 tam
903 876 1092 923 crudelis
1117 874 1227 932 fuit,
1253 887 1302 920 ut
1322 872 1375 919 il-

87 952 181 998 lum
201 952 273 998 alii
293 955 508 1013 Cyclopem
526 985 539 1007 ‚
553 950 624 996 alii
642 949 899 1013 Bsfiridem,
913 948 987 996 alii
1003 952 1213 995 Scironem
1228 981 1242 1002 ,
1261 963 1375 993 non-

91 1024 202 1071 nulli
235 1028 485 1079 Phalarim,
515 1022 645 1070 multi
674 1025 940 1083 Typhonem,
977 1022 1051 1068 vel
1088 1024 1250 1084 Gygem
1289 1036 1379 1067 vo·

91 1110 256 1146 carent.
275 1100 461 1144 Senatus
479 1114 579 1144 eum
602 1108 773 1142 tantum
795 1095 972 1154 timuit,
993 1111 1040 1142 ut
1064 1111 1174 1142 vota
1195 1095 1242 1141 in
1263 1106 1376 1141 tem-

93 1170 176 1231 plis
198 1169 376 1231 publice
405 1169 741 1232 privatimque,
769 1167 978 1215 mulieres
1010 1167 1142 1215 etiam
1171 1183 1272 1215 cum
1295 1165 1379 1212 suis

94 1240 246 1289 liberis
268 1241 487 1299 facerent,
507 1257 563 1287 ne
589 1240 665 1287 ille
685 1257 881 1302 unquam
910 1241 1064 1288 urbem
1084 1242 1276 1289 Romam
1305 1238 1380 1286 vi·

93 1316 231 1364 deret.
265 1316 523 1363 Audiebant
550 1314 699 1370 enim,
718 1314 830 1362 alios
859 1315 906 1362 in
940 1332 1118 1364 crucem
1151 1315 1376 1371 sublatos,

92 1387 207 1434 alios
234 1387 498 1435 animalibus
525 1404 668 1449 nuper
693 1387 850 1434 occilis
878 1388 1100 1446 inclusos,
1132 1388 1246 1435 alios
1275 1385 1379 1434 feris

95 1458 298 1521 objePtos
311 1495 325 1517 ‚
341 1460 454 1507 alios
475 1459 661 1507 fustibus
681 1460 837 1517 eiisos;
856 1473 987 1524 atque
1006 1461 1158 1508 omnia
1173 1461 1269 1507 haec
1289 1460 1380 1506 fine

97 1533 266 1580 delectu
293 1532 518 1595 dignitatis
535 1568 548 1591 ,
570 1549 672 1580 cum
699 1532 929 1580 videretur
957 1534 1236 1596 disciplinam
1262 1532 1382 1578 velle

95 1621 247 1668 regere
274 1605 533 1652 militarem:
555 1604 685 1665 cnjus
711 1606 922 1668 exemplo
946 1605 1099 1654 civilia
1121 1605 1253 1652 etiam
1279 1619 1380 1651 cor·

97 1679 242 1742 rigere
274 1679 442 1728 voluit.
479 1681 603 1743 quod
644 1697 739 1727 non
783 1680 1004 1727 convenit
1041 1679 1264 1741 principi,
1301 1677 1382 1741 qui

98 1752 212 1800 velit
233 1752 371 1815 diligi.
395 1756 498 1801 Erat
522 1753 642 1800 enim
669 1753 710 1800 ei
735 1753 1008 1815 persuasum,
1032 1754 1111 1810 nifi
1143 1750 1382 1800 crudelita-

98 1836 143 1872 te
163 1825 401 1887 imperium
419 1843 514 1872 non
534 1826 689 1873 teneri.
709 1827 848 1874 Simul
869 1829 917 1874 δε
930 1826 1183 1884 verebatur,
1202 1841 1257 1871 ne
1277 1841 1382 1887 pro·

100 1910 199 1960 pter
219 1899 514 1946 humilitatem
535 1899 708 1963 generis
727 1899 946 1948 barbarici
964 1917 987 1947 a
1013 1899 1249 1946 nobilitate
1267 1915 1382 1945 con·

102 1983 390 2019 temneretur.
420 1972 685 2019 Meminerat
707 1987 948 2035 praeterea,
971 1972 1012 2019 se
1051 1973 1210 2019 Romae
1246 1970 1380 2016 etiam

101 2059 126 2090 a
149 2042 287 2091 servis
312 2043 536 2093 nobilium
561 2052 843 2094 contemtum
868 2043 977 2103 effe,
1003 2043 1063 2094 ita
1088 2056 1213 2090 utne
1234 2060 1257 2089 a
1278 2058 1382 2105 pro-

102 2115 387 2165 curatoribus
411 2116 593 2180 quidem
619 2134 776 2166 eorum
795 2117 1039 2167 videretur.
1059 2119 1207 2174 Et‚ut
1231 2116 1272 2162 se
1301 2116 1380 2162 ha·-

101 2190 210 2238 bent
240 2188 381 2237 stultae
411 2189 676 2252 opiniones,
698 2190 807 2237 tales
831 2206 910 2238 eos
938 2204 1095 2238 contra
1121 2188 1163 2236 se
1183 2189 1383 2252 sperabat

103 2261 308 2319 futurOS„
345 2279 448 2310 cum
479 2262 564 2324 jam
599 2266 846 2327 Imperator
882 2263 1000 2312 effer.
1032 2264 1228 2310 Tantum
1262 2262 1383 2310 valet

92 2336 380 2386 ‘conscicntia
407 2336 635 2401 degeneris
663 2336 815 2385 animi.

169 2410 247 2459 IX.
276 2411 390 2459 Nam
413 2410 703 2474 ignobilitatis
725 2411 926 2477 tegendae
946 2410 1071 2460 causa
1092 2406 1250 2461 o'mnes
1271 2426 1379 2459 eon·
