1714 2807
296 124 391 185 258
517 123 743 170 AELll
809 125 1383 174 LAMPRIDll

295 246 426 277 natus
465 232 741 294 congruebat
774 232 926 286 omnia
955 232 1084 280 simul
1115 234 1284 280 deferre
1303 270 1317 291 ,
1346 247 1422 281 aut
1449 235 1576 284 bono

295 303 491 365 Principi
510 317 681 364 raptum
707 305 770 350 ire
793 316 862 351 tot
884 305 1009 352 simul
1030 308 1277 371 dignitates.
1303 308 1468 355 Milites
1486 308 1575 369 jam

295 374 583 421 insueverant
625 375 703 421 fibi
727 377 1019 438 Imperatores
1049 380 1097 425 &
1128 379 1423 425 tumultuario
1459 379 1577 439 judi-

295 450 372 497 cio
405 447 548 495 facere
569 483 582 505 ,
610 449 659 495 &
688 447 792 496 item
822 449 950 497 facile
979 463 1171 507 mutare,
1198 452 1429 499 afferentes
1455 469 1576 498 non-

295 538 523 582 nunquam
556 521 610 566 ad
643 520 944 569 defensionem
961 558 973 580 ‚
998 522 1038 569 se
1060 523 1232 570 idcirco
1258 524 1429 581 fecisse,
1449 524 1576 585 quod

295 593 526 641 nescissent
555 594 763 639 Senatum
800 594 1051 654 Principem
1087 595 1352 656 appellasse:
1394 613 1493 640 nam
1525 596 1577 642 &

291 668 580 717 Pescennium
606 666 794 729 Nigrum
811 702 824 724 ‚
843 668 892 714 &
913 667 1127 714 Clodium
1147 668 1381 726 Albinum,
1397 670 1444 716 &
1467 671 1576 716 Avi-

292 745 414 788 dium
441 741 662 795 Laffium,
682 742 728 787 ὃ(
755 754 880 786 antea
908 741 1094 788 Lucium
1122 741 1389 798 Vindicem,
1411 745 1458 789 δι
1489 745 1575 789 Lu·
1631 745 1634 748 ⁴

289 817 406 862 cium
439 811 715 867 Antonium,
745 813 793 858 &
824 811 964 874 ipsum
991 815 1231 868 Severum,
1259 831 1361 860 cum
1389 815 1575 861 Senatus

291 887 376 943 jam
406 886 622 932 lulianum
660 882 833 928 dixisset
864 884 1146 944 Principem,
1182 887 1476 946 Imperatores
1504 884 1575 932 fe-

289 946 473 1008 cerant:
502 971 631 1018 atque
664 954 742 1001 ista
769 972 835 1001 res
864 956 975 1002 bella
1005 956 1156 1002 civilia
1187 957 1390 1014 severat,
1413 959 1575 1021 quibus

289 1031 460 1080 necess‘e
482 1029 563 1076 fuit
587 1028 799 1088 militem,
821 1041 976 1076 contra
995 1028 1163 1076 hostem
1186 1044 1415 1092 paratum,
1430 1031 1576 1096 parrif

291 1107 509 1156 cidialiter
541 1105 699 1166 perire.

367 1182 418 1227 ll.
460 1179 553 1224 Hac
595 1175 728 1237 igitur
763 1174 887 1221 causa
923 1174 1172 1221 festinatum
1213 1175 1304 1232 est,
1338 1189 1386 1221 ut
1420 1174 1575 1223 omnia

287 1252 412 1301 fimul
452 1250 732 1307 Alexander,
766 1249 884 1311 quasi
915 1265 1044 1296 verus
1075 1248 1159 1310 jam
1192 1252 1468 1310 Imperator,
1501 1266 1574 1297 ac-

290 1327 468 1388 ciperet.
508 1325 606 1369 Huc
643 1322 815 1368 acceffit
854 1320 986 1368 nimia
1026 1323 1073 1369 &
1108 1322 1293 1368 Senatus
1336 1322 1385 1368 &
1424 1337 1574 1384 popu-

289 1398 321 1445 li
355 1395 588 1445 inclinatio
623 1393 720 1456 post
758 1393 876 1439 illam
916 1393 1115 1450 cladem,
1150 1411 1250 1456 quae
1294 1409 1386 1439 non
1427 1393 1571 1439 solum

289 1469 630 1519 Antoninorum
664 1484 828 1514 nomen
862 1465 1182 1523 decoloravit,
1218 1465 1287 1511 sed
1313 1464 1440 1509 etiam
1477 1465 1574 1510 Ro-

289 1560 471 1592 manum
520 1539 829 1587 dehonestavit
882 1539 1132 1600 imperium.
1180 1538 1395 1585 Certatim
1442 1538 1571 1584 deni—

288 1635 378 1682 que
412 1615 563 1661 omnia
601 1615 774 1660 decreta
807 1613 904 1658 sunt
939 1614 986 1659 &
1025 1612 1258 1658 nominum
1298 1628 1487 1674 genera,
1523 1614 1573 1660 ὅ(

289 1691 570 1756 potestatum.
600 1689 771 1734 Primus
805 1686 999 1749 denique
1029 1691 1232 1732 omnium
1274 1686 1428 1732 cuncta
1467 1685 1573 1732 insi-

288 1765 391 1830 gnia
431 1765 476 1811 ὅ(
510 1759 870 1807 honorificentiae
900 1777 1058 1824 genera
1100 1760 1228 1806 simul
1258 1760 1453 1821 recepit,
1485 1758 1572 1805 suf-

288 1840 491 1902 fragante
521 1836 691 1882 fibimet
725 1835 912 1881 Caesaris
944 1833 1128 1881 nomine
1150 1866 1165 1889 ,
1199 1835 1321 1897 quod
1352 1833 1434 1893 jam
1470 1847 1573 1880 ante

288 1912 468 1973 aliquot
493 1925 635 1954 annos
662 1921 910 1954 meruerat:
939 1910 986 1954 δε
1008 1907 1146 1971 magis
1180 1906 1444 1968 suffragante
1478 1905 1574 1953 vita

287 1987 338 2032 &
361 1982 560 2029 moribus
579 2017 590 2033 ,
613 1998 712 2026 cum
732 1981 794 2025 illi
813 1998 1016 2043 magnum
1043 1979 1314 2026 conciliasset
1334 1980 1539 2024 savorem
1555 2013 1571 2036 ‚

288 2056 416 2118 quod
443 2071 543 2099 eum
571 2052 885 2114 Heliogabalus
913 2053 1119 2098 occidere
1145 2066 1333 2098 conatus
1364 2054 1423 2097 est
1445 2088 1456 2104 ,
1488 2069 1570 2099 nec

289 2128 465 2194 potuit,
489 2126 767 2174 &militibus
793 2125 1141 2187 repugnantibus
1157 2161 1168 2180 ‚
1186 2128 1232 2172 ὅ(
1252 2126 1412 2170 Senatu
1436 2125 1570 2170 refra-

287 2215 433 2265 gante.
466 2202 609 2260 Atque
639 2199 735 2243 haec
764 2214 923 2259 parva,
946 2197 1024 2242 nisi
1049 2197 1172 2258 quod
1201 2197 1381 2258 dignum
1416 2196 1456 2241 se
1486 2213 1569 2241 ex-

290 2274 454 2329 hibuit,
475 2289 603 2334 quem
626 2272 809 2317 Senatus
830 2271 1044 2324 servaret,
1061 2287 1192 2332 quem
1216 2270 1382 2315 salvum
1405 2269 1568 2315 milites

292 2359 534 2404 cuperent,
558 2361 690 2406 quem
722 2345 924 2415 omn-ium
951 2344 1179 2391 bonorum
1209 2341 1423 2391 sententia
1442 2341 1571 2398 Pring

294 2419 439 2482 cipem
469 2417 648 2467 diceret.
