1714 2807
344 144 429 203 148
530 139 952 188 TREBELLII
1000 140 1437 187 POLLIONIS

333 267 435 312 quae
463 248 635 295 scienda
663 248 786 305 sunt,
820 247 1058 310 praeterisse
1100 247 1344 297 videamur.
1375 249 1619 307 Claudius,

333 321 613 382 Quintillus,
636 321 686 368 ὅ(
707 320 914 383 Crispus,
941 320 1094 368 fratres
1117 321 1311 370 fuerunt.
1334 323 1479 385 Crispi
1498 322 1620 379 filia,

333 394 557 441 Claudia:
589 410 644 440 ex
680 409 730 440 ea
765 396 813 441 δι
850 394 1071 454 Eutropio
1093 430 1105 449 ‚
1144 394 1418 442 nobiliffimo
1476 395 1620 458 gentis

331 467 562 514 Dardanae
580 466 683 512 viro
700 502 711 521 ‚
735 466 1026 513 Constantius
1047 467 1195 514 Caesar
1214 467 1274 512 est
1293 467 1479 529 genitus.
1504 470 1618 514 Fue-

332 552 441 586 runt
463 539 594 586 etiam
618 539 794 585 sorores
815 558 824 585 :
851 555 1036 600 quarum
1069 556 1183 596 una,
1207 539 1500 586 Constantina
1532 558 1617 588 no-

333 611 486 668 mine,
523 624 661 673 nupta
696 612 904 657 Tribuno
936 612 1248 674 Affyriorum,
1278 611 1324 656 in
1358 613 1510 673 primis
1542 630 1617 660 an-

332 683 404 732 nis
431 682 606 728 defecit.
638 682 710 728 De
740 684 835 728 avis
866 682 997 727 nobis
1033 699 1187 743 parum
1218 681 1466 744 cognitum.
1497 684 1620 731 varia

332 755 452 803 enim
483 754 684 816 plerique
721 754 1028 816 prodiderunt.
1066 753 1159 815 Ipse
1189 753 1407 800 Claudius
1437 755 1620 818 insignis

333 845 512 876 morum
548 827 789 890 gravitate,
815 828 995 891 insignis
1030 827 1121 873 vita
1163 827 1367 890 singulari
1401 829 1451 875 &
1486 829 1621 876 unica

332 899 593 950 castimonia
610 935 622 955 ,
648 900 743 946 vini
771 917 956 961 parcus,
980 901 1034 946 ad
1058 901 1205 947 cibum
1231 914 1457 962 promtus,
1487 901 1619 949 statu·

332 990 382 1020 ra
405 987 646 1035 procerUS,
674 973 819 1019 oculis
851 973 1134 1031 ardentibus,
1159 974 1251 1020 lato
1279 975 1328 1021 &
1355 975 1490 1036 pleno
1521 975 1619 1021 vul·

332 1060 412 1104 tu,
442 1045 589 1108 digitis
620 1045 754 1107 usque
787 1047 900 1092 adeo
931 1045 1149 1105 fortibus,
1180 1059 1228 1094 ut
1266 1047 1378 1110 saepe
1409 1048 1534 1112 equis
1571 1050 1622 1098 &

332 1121 465 1167 mulis
481 1120 568 1166 ictu
588 1121 726 1181 pugni
747 1121 900 1167 dentes
915 1121 1167 1168 excusserit.
1191 1125 1364 1168 Fecerat
1382 1122 1471 1170 hoc
1487 1122 1620 1170 etiam

333 1193 592 1240 adolescens
626 1192 671 1237 in
706 1193 861 1239 militia
886 1229 898 1249 ,
934 1210 1060 1250 cum,
1100 1194 1275 1241 ludicro
1312 1195 1538 1252 Martiali,
1575 1195 1621 1242 in

332 1280 496 1327 campo
519 1264 736 1311 luctamen
759 1265 872 1312 inter
895 1265 1157 1313 fortiffimos
1178 1268 1377 1329 quosque
1399 1267 1618 1314 monstra-

331 1353 414 1386 ret.
442 1355 542 1385 nam
573 1340 708 1386 iratus
733 1340 806 1397 ei,
829 1340 904 1403 qui
936 1356 1030 1386 non
1064 1340 1285 1398 balteum,
1308 1341 1379 1386 sed
1412 1341 1618 1404 genitalia

331 1411 410 1459 fibi
442 1412 754 1469 contorserat,
782 1428 939 1459 omnes
969 1410 1240 1459 dentes'uno
1275 1431 1427 1478 pugno
1461 1414 1619 1460 excus-

331 1485 398 1531 fit.
414 1500 515 1546 quae
533 1501 604 1532 res
626 1485 953 1547 indulgentiam
976 1485 1138 1530 meruit
1154 1519 1167 1542 ‚
1191 1485 1362 1546 pudore
1384 1486 1621 1532 vindictae:

331 1556 546 1619 siquidem
571 1570 681 1604 tunc
705 1557 877 1604 Decius
900 1559 1145 1618 Imperator
1161 1591 1175 1613 ,
1197 1573 1291 1618 quo
1313 1557 1526 1618 praesente
1545 1557 1619 1603 fu-

330 1642 426 1676 erat
443 1642 743 1691 perpetratum
756 1665 769 1685 ‚
784 1631 831 1677 &
852 1629 1064 1675 virtutem
1082 1631 1130 1677 ὃ(
1154 1631 1469 1677 verecundiam
1484 1631 1620 1678 Clau·

331 1703 395 1749 dii
418 1703 595 1764 publice
616 1702 905 1764 praedicavit;
927 1705 1231 1765 donatumque
1255 1703 1436 1750 armillis
1459 1705 1508 1751 &
1526 1716 1621 1752 tor·

327 1774 523 1836 quibus,
549 1792 572 1821 a
593 1774 782 1821 militum
815 1774 1049 1836 congressu
1079 1773 1283 1821 facessere
1301 1775 1540 1838 praecepst,
1564 1791 1621 1822 ne

329 1848 439 1910 quid
473 1849 695 1906 atrocius,
722 1865 858 1912 quam
889 1849 1110 1895 ludlamen
1141 1848 1307 1909 exigit,
1331 1847 1509 1895 faceret.
1533 1849 1616 1910 Ipfi

328 1920 523 1967 Claudio
550 1920 676 1966 liberi
706 1921 818 1967 nulli
850 1921 1056 1968 fuerunt:
1085 1920 1335 1981 Quintillus
1368 1921 1486 1967 duos
1514 1921 1621 1968 reli·

328 1994 450 2059 quit:
481 1993 692 2055 Crispu5‚
719 2007 768 2041 ut
795 1994 1014 2052 diximus,
1042 1992 1191 2040 filiam.

396 2067 521 2113 XIV.
546 2067 681 2113 Nunc
708 2065 941 2127 adjudicia
962 2067 1219 2127 Principum
1245 2064 1497 2122 veniamus,
1518 2082 1619 2128 quae

327 2138 384 2185 de
411 2138 492 2185 illo
522 2155 546 2184 a
581 2138 766 2185 diversis
795 2140 909 2184 edita
943 2138 1070 2185 sunt:
1108 2140 1155 2184 &
1192 2151 1372 2184 eatenus
1409 2137 1618 2198 quidem,

327 2224 378 2257 ut
395 2226 643 2273 appareret,
663 2211 936 2273 quandoque
951 2210 1190 2256 Claudium
1212 2213 1529 2271 Imperatorem
1550 2207 1622 2254 fu:

329 2296 500 2331 mrum.
532 2282 731 2345 Epistola
764 2283 989 2328 Valeriani
1013 2283 1067 2328 ad
1091 2282 1393 2328 Zosimionem
1410 2316 1423 2337 ,
1447 2282 1615 2326 Procu—

329 2368 526 2402 ratorem
559 2355 716 2419 Syriae.
748 2359 999 2412 Claudium,
1024 2358 1427 2416 Illyricianaegentis
1456 2357 1613 2409 virum,

333 2432 565 2477 Tribunum
591 2433 758 2477 Martiae
786 2434 936 2492 quintae
968 2432 1120 2492 legioni
1133 2429 1368 2492 foruffi'mae
1396 2430 1614 2485 dedimus,
