1714 2807
330 151 390 216 38
571 154 781 203 JUL11
831 155 1344 207 CAPITOLINI
1393 135 1408 147 '

394 262 458 308 Χ.
490 262 574 308 Sed
608 274 728 309 tanta
764 264 1065 327 gratulatione
1101 265 1240 312 faftos
1273 278 1433 314 contra
1467 266 1620 316 Maxi-³

329 332 501 380 minum
536 335 834 397 Imperatores
859 339 1043 384 Senatus
1062 340 1262 400 accepit,
1288 351 1337 385 ut
1357 356 1451 387 non
1470 339 1620 389 solum

329 405 447 470 gesta
476 406 573 455 haec
603 408 874 470 probarent,
903 409 973 456 sed
1006 411 1138 457 etiam
1169 411 1333 476 viginti
1370 413 1496 461 viros
1534 414 1622 460 eli-

329 491 511 540 gerent,
535 479 651 527 inter
677 498 792 544 quos
820 496 912 530 erat
938 484 1162 531 Maximus
1190 484 1279 533 five
1298 485 1553 548 Pupienus,
1571 488 1623 535 &

329 549 522 598 Clodius
549 553 758 602 Balbinus
778 572 789 601 :
813 555 891 617 qui
910 557 1044 602 ambo
1067 560 1362 618 Imperatores
1383 560 1481 605 sunt
1501 575 1623 606 crea·
1661 579 1664 584 ·

328 622 395 680 ti,
418 624 709 689 posteaquam
747 627 971 674 Gordiani
1003 628 1093 674 duo
1128 627 1172 674 in
1211 629 1363 678 Africa
1397 628 1623 676 interemti

329 692 447 742 sunt.
476 697 583 746 Illos
620 699 721 745 sane
758 690 919 761 viginti
946 701 1132 747 Senatus
1158 701 1211 746 ad
1234 701 1324 749 hoc
1353 714 1625 764 creaverat,

330 781 381 816 ut
410 769 632 818 divideret
662 773 729 819 his
762 774 931 822 Italicas
959 773 1192 837 regiones,
1219 789 1377 823 contra
1414 769 1625 823 Maximi-

331 858 440 888 num
469 861 552 905 pro
570 845 816 894 Gordianis
836 847 1035 894 tuendas.
1062 849 1196 895 Tunc
1217 849 1461 912 legationes
1479 867 1503 896 a
1523 851 1625 895 Ma-

331 913 509 961 ximino
534 917 728 965 Romam
762 935 1017 977 venerunt,
1043 921 1339 968 abolitionem
1367 921 1627 984 praeterito-

330 1002 433 1032 rum
474 986 760 1048 spondentes.
787 992 872 1037 Sed
902 991 1014 1039 vicit
1046 992 1389 1039 Gordianorum
1427 992 1628 1057 legatio,

330 1075 432 1121 quae
461 1062 581 1108 bona
607 1065 764 1111 omnia
792 1064 1122 1126 pollicebatur,
1141 1066 1201 1112 ita
1233 1078 1282 1112 ut
1308 1065 1449 1113 eidem
1476 1065 1628 1112 crede·

331 1144 477 1190 retur3
500 1136 551 1182 ὅ(
577 1135 734 1199 ingens
757 1136 973 1185 militibus
1003 1138 1303 1200 stipendium,
1329 1138 1507 1202 populo
1533 1137 1629 1202 agri

334 1216 470 1267 atque
497 1208 728 1270 congiaria
748 1209 973 1271 promiffa.
996 1210 1150 1273 Usque
1175 1211 1290 1257 adeo
1316 1225 1465 1257 autem
1487 1210 1630 1273 magis

331 1279 577 1326 Gordianis
591 1315 604 1337 ,
623 1298 758 1345 quarn
781 1282 1059 1340 Maximinis,
1079 1283 1140 1329 est
1156 1283 1376 1330 creditum
1392 1319 1405 1342 ‚
1429 1295 1476 1330 ut
1501 1283 1631 1330 Vita-

332 1354 476 1402 lianus
509 1356 686 1418 quidam
704 1393 717 1413 ‚
739 1358 819 1420 qui
850 1358 1135 1420 praetorianis
1158 1359 1376 1405 militibus
1405 1370 1592 1419 praeerat
1610 1391 1630 1416 ‚

333 1445 415 1492 per
444 1430 754 1479 audaciffimos
781 1434 1049 1497 quaestorem
1073 1435 1123 1481 δε
1145 1433 1335 1490 milites,
1360 1432 1402 1493 jv
1427 1433 1473 1479 1ἰι
1495 1434 1631 1481 Sena-

334 1513 405 1548 tus
437 1503 750 1552 occideretur:
781 1506 908 1569 quod
935 1505 976 1552 se
1011 1518 1139 1552 antea
1167 1505 1404 1552 crudelitc²
1446 1516 1596 1568 egerat
1615 1539 1633 1564 ‚

333 1577 386 1623 &
414 1588 524 1624 tunc
552 1577 647 1638 ejus
673 1578 809 1642 magis
836 1579 1087 1626 immanitas
1112 1578 1381 1635 timebatur,
1410 1578 1552 1626 amica
1581 1580 1634 1628 δε

333 1647 566 1696 familiaris
598 1652 802 1698 moribus
835 1651 1093 1698 Maximini.
1118 1651 1172 1698 de
1202 1650 1329 1710 cujus
1355 1666 1502 1698 morte
1531 1652 1634 1699 haec

334 1720 496 1767 fabella
527 1721 679 1770 fertur.
719 1724 847 1770 1³1&ae
869 1724 967 1770 sunt
990 1723 1131 1770 literae
1164 1722 1429 1781 Maximini,
1451 1722 1634 1786 fignatae

335 1793 458 1856 quasi
480 1792 675 1855 ejusdem
690 1795 858 1851 anulo,
879 1794 1055 1843 &misti
1072 1811 1172 1841 cum
1191 1794 1428 1854 Quaestore
1449 1794 1632 1854 milites,

336 1865 418 1928 qui
437 1881 507 1912 eas
531 1864 718 1924 ferrent,
738 1868 971 1926 addentes,
992 1867 1195 1930 quaedam
1219 1879 1382 1929 praeter
1401 1867 1549 1914 literas
1569 1866 1634 1913 se·

339 1951 468 1986 creto
500 1938 584 1987 effe
614 1939 817 1987 dicenda.
849 1943 1052 2005 Longam
1073 1940 1208 2004 igitur
1236 1940 1465 2003 porticum
1489 1940 1636 2004 petie-

341 2027 445 2059 runt
465 2030 476 2058 :
498 2016 545 2059 &
571 2030 670 2060 cum
692 2016 766 2061 ille
786 2033 835 2063 ea
852 2051 865 2072 ‚
893 2032 994 2077 quae
1024 2014 1105 2061 fibi
1138 2027 1264 2061 erant
1288 2014 1459 2061 secreto
1483 2014 1636 2062 dicen-

340 2085 396 2131 da
414 2120 425 2142 ,
447 2086 750 2147 perquireret;
774 2086 1082 2144 hortantibus,
1102 2098 1148 2131 ut
1170 2085 1290 2147 prius
1306 2085 1476 2148 iignum
1498 2084 1638 2148 inspi-

340 2169 461 2205 ceret
483 2157 682 2221 epistolae
697 2195 710 2215 ,
726 2160 829 2205 dum
855 2158 1130 2216 considerat,
1152 2158 1415 2205 interemtus
1434 2155 1510 2204 est.
1532 2157 1637 2204 Per-

344 2230 519 2278 suasum
545 2231 705 2278 deinde
734 2231 796 2278 est
823 2232 1066 2286 militibus,
1090 2229 1203 2292 juss‘u
1231 2229 1472 2278 Maximini
1505 2231 1638 2277 Vita-

343 2302 513 2349 lianum
548 2303 868 2353 interemtum:
897 2302 1172 2366 peractisque
1207 2304 1339 2349 rebus
1358 2337 1372 2360 ,
1409 2301 1455 2348 in
1483 2300 1638 2353 castris

346 2376 691 2424 Gordianorum
721 2378 770 2424 &
797 2377 936 2422 literae
964 2378 1014 2423 &
1042 2376 1195 2423 vultus
1221 2376 1319 2423 sunt
1351 2373 1588 2437 propofiti.

411 2447 718 2511 Xl.1nterest,
740 2461 787 2496 ut
805 2447 1244 2499 Senatusconsultum
1257 2484 1273 2510 ,
1291 2464 1386 2514 quo
1412 2447 1639 2498 Gordiani
