1714 2807
349 166 409 213 80
605 165 1377 212 JULll-.CAP1TOL1N1

347 270 534 333 ticipatu
564 270 696 318 etiam
721 270 1022 332 Imperatoriae
1052 272 1276 334 potestatis
1306 271 1509 323 indulto:
1532 272 1625 319 sibi·

347 362 436 409 que
462 345 719 394 consortem
753 344 860 393 fecit
877 381 893 405 ,
914 362 1014 393 cum
1044 346 1108 392 illi
1137 346 1220 393 soli
1245 348 1428 395 Senatus
1454 346 1630 394 detulis-

348 418 410 464 set
439 416 691 479 imperium.

414 492 492 541 IV.
509 496 632 541 Dato
655 490 789 555 igitur
809 490 1017 554 imperio,
1037 492 1085 540 δι
1105 491 1276 539 indulta
1297 492 1632 556 tribuniciapo-

348 573 533 626 testate,
564 564 911 629 proconsulatus
947 566 1077 612 etiam
1115 566 1292 612 honore
1330 567 1506 628 delato,
1542 571 1632 616 Ve-

349 665 449 696 rum
470 641 624 693 vocari
648 639 890 701 praecepit,
911 639 1032 687 suum
1054 640 1098 687 in
1123 657 1225 687 eum
1255 642 1522 690 transferens
1551 659 1633 690 no·

350 736 452 767 men
471 753 483 775 ,
514 730 614 762 cum
643 726 744 758 ante
778 714 1030 758 Commodus
1058 725 1314 762 vocaretur.
1339 715 1504 761 Lucius
1534 715 1635 777 qui-

350 794 476 848 dem,
511 790 672 834 Marco
712 783 859 831 vicem
897 785 1110 842 reddens,
1145 784 1360 848 suscepit,
1393 787 1635 834 obsecutus

351 878 400 912 ut
432 866 595 926 legatus
624 856 916 920 proconsuli,
940 857 1015 903 vel
1050 856 1208 918 praeses
1238 857 1515 920 imperatori.
1546 858 1633 920 jam

350 938 544 1000 primum
570 931 690 980 enim
722 932 902 978 Marcus
929 945 1014 992 pro
1049 930 1268 978 ambobus
1295 931 1350 977 ad
1381 932 1543 979 milites
1575 932 1635 978 est

350 1011 554 1064 locutus,
588 1006 638 1051 &
665 1018 749 1065 pro
785 1000 1024 1049 consensus
1049 1000 1242 1063 imperio
1268 1002 1463 1064 graviter
1484 1002 1552 1059 se,
1585 1005 1635 1051 &

351 1083 406 1128 ad
431 1076 575 1126 Marci
594 1090 743 1122 mores
762 1075 866 1137 egit.
889 1073 981 1121 Ubi
1001 1090 1115 1120 vero
1141 1075 1186 1120 in
1211 1074 1387 1138 Syriam
1410 1075 1637 1137 profefius

351 1153 438 1211 est,
471 1168 566 1198 non
598 1150 743 1196 solum
774 1148 955 1195 licentia
987 1147 1093 1195 vitae
1123 1147 1370 1206 liberioris,
1407 1149 1481 1196 sed
1504 1149 1638 1196 etiam

352 1221 580 1274 adulteriis
609 1222 657 1268 &
683 1218 936 1280 juventutis
962 1219 1190 1266 amoribus
1214 1220 1448 1268 infamatus
1478 1220 1550 1268 est.
1575 1219 1638 1267 Si-

353 1296 532 1361 quidem
553 1304 687 1339 tantae
709 1291 899 1338 luxuriae
922 1290 1046 1337 fuisse
1067 1290 1254 1349 dicitur,
1272 1304 1319 1340 ut
1338 1290 1467 1338 etiam
1481 1327 1496 1349 ,
1514 1291 1638 1354 post-

355 1384 539 1434 eaquam
569 1365 622 1411 de
646 1364 775 1428 Syria
799 1363 954 1422 rediit,
981 1363 1196 1426 popinam
1222 1365 1346 1411 domi
1377 1364 1639 1421 instituerit,

355 1443 411 1490 ad
439 1456 573 1504 quam
603 1437 702 1500 post
730 1436 1000 1485 convivium
1032 1438 1173 1485 Marci
1206 1438 1480 1497 divertebat,
1504 1437 1639 1485 mini-

357 1512 596 1562 strantibus
630 1509 709 1556 fibi
743 1509 870 1556 omni
901 1526 1061 1573 genere
1100 1511 1298 1571 turpium
1334 1512 1640 1574 personarum.

357 1592 513 1637 Fertur
536 1587 586 1633 &
619 1583 748 1631 nocie
777 1582 949 1644 perpeti
978 1582 1070 1630 alea
1103 1583 1268 1640 lufiffe,
1300 1600 1400 1631 cum
1431 1583 1477 1629 in
1510 1583 1642 1648 Syria

359 1658 629 1721 concepisset
664 1655 709 1702 id
742 1655 932 1702 vitium:
972 1670 1104 1718 atque
1135 1655 1182 1701 in
1217 1655 1640 1704 tantumvitiorum

360 1734 637 1793 Cajanorum
656 1731 704 1778 δι
719 1728 1088 1775 Neronianorum
1107 1744 1158 1775 ac
1171 1728 1516 1793 Vitellianorum
1537 1727 1640 1776 fuis-

360 1806 404 1852 se
435 1803 646 1851 aemulum
666 1837 682 1860 ‚
714 1814 762 1848 ut
803 1812 1038 1864 vagaretur
1070 1800 1203 1846 nocte
1239 1798 1317 1863 per
1353 1800 1556 1848 tabernas
1590 1816 1640 1847 ac

361 1876 615 1941 lupanaria,
651 1873 833 1920 obteEto
867 1873 1010 1935 capite
1043 1872 1301 1921 cucullione
1335 1873 1507 1935 vulgari
1542 1873 1641 1920 via·

361 1951 488 1999 torio
504 1985 518 2008 ‚
543 1950 592 1996 δι
615 1946 985 1995 commisceretur
1009 1963 1110 1993 cum
1139 1945 1389 1994 triconibus
1405 1980 1419 2005 ,
1446 1947 1497 1993 &
1518 1962 1643 1994 com·

363 2025 560 2073 mitteret
594 2023 740 2079 rixas,
774 2023 824 2069 ὅ(
859 2020 1125 2068 diffimulans
1154 2020 1253 2084 quis
1281 2020 1409 2068 esset:
1441 2021 1644 2084 saepeque

364 2098 573 2146 affliEtum
599 2095 737 2143 livida
770 2093 883 2140 facie
915 2092 1098 2150 redisse,
1129 2095 1177 2141 &
1206 2093 1252 2139 in
1282 2093 1478 2140 tabernis
1513 2093 1644 2157 agni-

365 2185 484 2228 tum,
513 2186 614 2216 cum
642 2168 728 2214 sese
748 2165 1053 2214 absconderet.
1077 2166 1265 2227 jaciebat
1295 2168 1342 2213 δέ
1370 2182 1578 2213 nummos
1598 2166 1644 2213 in

366 2243 560 2306 popinas
592 2240 842 2297 maximos,
872 2239 1034 2302 quibus
1060 2239 1217 2287 calices
1244 2239 1481 2302 frangeret.
1508 2240 1645 2285 Ama-

368 2318 436 2365 vit
467 2319 515 2364 &
538 2315 735 2379 aurigas,
765 2312 946 2359 Prasino
976 2311 1142 2360 favens.
1173 2313 1486 2359 Gladiatorum
1512 2313 1643 2360 etiam

367 2388 640 2452 frequentius
659 2401 824 2450 pugnas
845 2385 890 2430 in
910 2384 1138 2432 convivio
1158 2384 1340 2442 habuit,
1356 2384 1533 2431 trahens
1552 2400 1645 2431 coe-

369 2479 470 2510 nam
514 2461 559 2509 in
595 2460 798 2522 noctem,
833 2460 883 2507 δι
928 2457 975 2506 in
1014 2471 1120 2507 toro
1170 2457 1407 2510 convivali
1443 2458 1645 2508 condor-
