1637 2785
249 156 316 202 M.
364 153 529 200 ANT.
584 152 1176 214 PHILOSOPHUS.
1291 171 1344 213 57

72 274 193 317 tare;
216 262 270 307 ad
295 277 393 306 eum
419 259 662 306 videndum
689 262 954 318 contendit,
979 262 1189 326 susceptis
1211 262 1255 309 in
1276 265 1349 311 Se·

71 347 180 382 natu
211 334 356 380 votis:
385 350 515 395 quae,
544 333 828 398 posteaquam
863 336 1057 381 Romam
1089 337 1245 392 rediit,
1274 355 1350 384 au·

70 406 159 454 dita
190 406 296 454 Veri
324 406 678 464 transmiffione,
710 407 851 453 statim
882 408 1087 456 reddidit.
1118 411 1171 456 Et
1205 413 1349 458 Verus

68 480 278 543 quidem,
308 479 593 542 posteaquam
628 479 672 526 in
705 480 883 543 Syriam
907 481 1061 540 venit,
1090 481 1136 528 in
1176 484 1350 531 deliciis

69 551 187 614 apud
224 552 515 601 Antiochiam
553 554 602 600 δε
633 554 856 615 Daphnen
887 554 1028 612 vixit,
1058 555 1278 618 armisque
1307 556 1350 605 se

67 625 342 688 gladiatoriis
367 627 415 673 &
448 625 682 673 venatibus
711 626 936 684 exercuit,
968 643 1097 682 cum,
1129 645 1206 690 per
1232 630 1350 692 lega-

68 712 139 744 tos
168 699 334 745 bellum
366 700 617 747 Parthicum
653 716 833 764 gerens,
868 703 1115 762 Imperator
1150 702 1351 763 appella-

22 776 28 787 '
67 783 137 817 tus
177 771 306 818 esset:
337 790 434 820 cum
471 776 650 821 Marcus
692 773 813 819 horis
844 773 1056 819 omnibus
1095 773 1352 834 reipublicae

68 845 236 892 affitibus
271 847 534 904 incubaret,
570 847 880 910 patienterque
912 846 1091 894 delicias
1126 845 1269 893 fratris
1301 848 1352 895 &

69 934 213 980 prope
252 918 424 966 invitus
468 936 517 966 ac
559 919 720 967 volens
757 918 908 967 ferret.
939 919 1129 983 denique
1170 919 1352 976 omnia,

67 1008 167 1054 quae
196 992 250 1038 ad
273 993 437 1040 bellum
467 1006 593 1040 erant
623 992 885 1052 necefl‘aria,
917 993 1078 1041 Roma:
1109 992 1280 1056 positus
1302 995 1352 1041 ὃ(

68 1065 283 1128 disposuit
312 1069 515 1125 Marcus,
547 1068 598 1114 &
625 1067 870 1114 ordinavit.

131 1138 211 1184 IX.
236 1138 382 1184 Gestae
403 1138 501 1184 sunt
528 1155 593 1184 res
612 1139 658 1185 in
684 1138 894 1185 Armenia
916 1138 1129 1200 prospere
1149 1155 1228 1201 per
1252 1139 1351 1185 Sta-

67 1209 176 1256 tium
198 1210 393 1258 Priscum
414 1246 427 1268 ,
453 1212 669 1259 Artaxatis
701 1212 865 1274 captis,
890 1212 1175 1275 delatumque
1199 1218 1353 1259 Arme·

67 1287 236 1329 niacum
273 1299 441 1330 nomen
479 1283 656 1345 utrique
693 1281 985 1344 Principum:
1015 1285 1139 1346 quod
1175 1287 1352 1332 Marcus

67 1373 146 1418 per
164 1357 481 1403 verecundiam
502 1357 649 1418 primo
669 1355 917 1411 recusavit,
935 1355 1087 1418 postea
1108 1368 1252 1403 tamen
1278 1374 1352 1403 re-

67 1427 200 1492 cepit.
236 1428 484 1492 Profligato
520 1443 665 1476 autem
713 1428 862 1485 bello,
900 1441 1087 1491 uterque
1120 1431 1351 1476 Parthicus

66 1503 312 1566 appellatus
331 1503 406 1551 est.
430 1503 502 1551 sed
523 1504 611 1552 hoc
638 1518 823 1567 quoque
846 1504 1025 1550 Marcus
1051 1503 1246 1549 delatum
1265 1519 1354 1549 no-

38 1594 171 1636 ·men
207 1577 495 1639 repudiavit,
529 1578 655 1641 quod
691 1576 842 1639 postea
878 1575 1061 1637 recepit.
1100 1578 1242 1622 Patris
1265 1596 1355 1637 pa-

69 1653 154 1696 triae
176 1663 323 1696 autern
343 1667 537 1706 nomen,
570 1650 762 1695 delatum
789 1647 923 1694 fratre
949 1647 1149 1704 absente,
1175 1648 1219 1694 in
1241 1648 1355 1708 ejus-

66 1722 168 1768 dem
200 1721 475 1784 praesentiam
511 1721 690 1768 distulit.
730 1720 886 1768 Medio
926 1719 1032 1767 belli
1065 1732 1268 1782 tempore
1305 1722 1356 1770 δε

65 1795 273 1844 Civicam
292 1831 304 1851 ,
326 1808 533 1857 patruum
555 1795 689 1853 Veri,
709 1796 757 1843 &
781 1794 918 1841 filiam
947 1794 1064 1841 suam
1090 1807 1355 1856 nupturam,

69 1869 345 1919 commissam
373 1868 540 1916 sororis
564 1869 652 1916 suae
678 1885 821 1925 curae,
848 1868 1125 1931 eandemque
1149 1868 1356 1930 locuple·

67 1955 230 1999 tatam,
259 1940 538 1991 Brundisium
569 1940 704 2004 usque
735 1939 946 1998 deduxit,
975 1940 1024 1986 &
1056 1940 1110 1985 ad
1141 1956 1240 1986 eum
1270 1938 1356 1985 mi-

68 2013 136 2063 fit.
168 2016 363 2062 Romam
398 2030 512 2062 vero
554 2014 697 2060 statim
730 2012 887 2070 rediit,
918 2025 1163 2060 revocatus
1194 2029 1355 2059 eorum

67 2087 347 2137 sermonibus
361 2124 375 2145 ,
400 2089 478 2151 qui
502 2088 709 2136 dicebant
727 2122 741 2147 ‚
762 2089 965 2136 Marcum
985 2087 1104 2134 velle
1121 2085 1236 2134 finiti
1259 2086 1357 2132 bel-

68 2160 102 2208 li
130 2162 318 2225 gloriam
350 2162 525 2209 fibimet
548 2161 811 2218 vindicare,
845 2173 978 2223 atque
996 2159 1170 2209 idcirco
1196 2160 1241 2206 in
1269 2160 1356 2222 Sy-

69 2235 180 2283 riam
197 2235 438 2298 proficisci.
456 2237 528 2287 Ad
543 2235 839 2286 proconsules
861 2234 1013 2284 scribit
1027 2269 1041 2292 ,
1071 2253 1120 2280 ne
1146 2237 1238 2297 quis
1244 2234 1356 2293 filiae

61 2310 153 2376 suae
182 2313 257 2356 iter
266 2309 452 2369 facienti·
478 2326 704 2358 occurreret.
737 2311 855 2356 Inter
893 2308 991 2356 haec
1021 2306 1222 2353 liberales
1246 2322 1357 2352 cau-

69 2386 133 2434 sas
165 2383 223 2430 ita
255 2385 479 2442 munivit,
506 2398 555 2433 ut
587 2386 756 2450 primus
778 2383 951 2446 juberet
977 2383 1094 2447 apud
1119 2381 1355 2446 praefefms

76 2458 217 2507 aerarii
242 2458 416 2508 Saturni
436 2475 803 2526 unumquemque
832 2452 1005 2508 civiu'm
1031 2471 1161 2505 natos
1186 2455 1354 2503 liberos
