1637 2785
308 107 665 155 AV1D1US
715 108 1062 156 CAssms
1269 123 1328 173 95

51 221 200 263 honum
217 220 284 262 vel
294 214 441 261 vic‘lum
461 233 487 258 a
509 230 693 274 tyranno
707 250 719 264 ,
745 219 809 258 vel
827 216 1001 275 occisum
1017 232 1032 260 .·
1062 214 1237 272 dicens,
1254 235 1336 261 mc·

49 288 167 352 ruiffi
195 291 423 343 Neronem,
453 285 623 349 debazffi
661 288 919 348 Caligulam,
950 289 1154 332 Othonem
1183 286 1224 334 (ς’
1257 292 1299 332 V
1299 291 1335 333 i-

47 364 204 407 tellium
237 378 307 406 nec
341 362 535 420 imperare
568 357 748 420 voluiffe.
782 358 897 402 Nam
930 356 983 402 de
1015 357 1243 405 Pertinace
1282 362 1333 407 δε

47 435 192 481 Galba
223 435 344 496 paria
375 432 618 490 sentiebat,
653 449 754 478 cum
791 430 990 482 diceret,
1021 433 1075 475 In
1103 434 1333 491 Imperato-

45 527 86 555 re
113 511 338 555 avaritiam
369 505 440 570 effi
463 504 753 567 acerbffmum
785 507 958 548 malum.
987 501 1180 565 denique
1198 539 1210 560 ,
1244 525 1331 551 rma

46 582 275 646 Augustum
290 615 302 638 ‚
324 599 410 625 non
429 579 662 634 Trajanum
678 611 691 633 ‚
718 594 803 622 non
820 577 1097 620 Hadrianum
1115 610 1128 633 ,
1147 594 1233 621 non
1246 597 1329 637 pa—

45 670 193 699 rentem
209 654 337 715 suum
366 655 492 699 Pium
522 671 550 697 a
569 652 780 698 rebellibus
802 648 1185 714 potuiffesaperari
1196 670 1216 705 ;
1234 646 1324 697 cmi:

43 723 89 771 δ’
117 730 240 773 multi
257 728 421 786 ficeriat
436 762 448 783 ‚
472 724 514 772 δ’
538 726 636 790 ipsis
657 730 726 771 vel
744 728 891 772 invitis
908 728 972 770 vel
999 726 1139 786 insciis
1169 728 1327 791 exstin-

43 800 110 848 c‘i‘i.
141 800 236 863 Ipse
264 813 410 847 autem
435 799 696 846 Antoninus
732 816 755 845 a
786 798 938 844 senatu
971 798 1131 861 petiit,
1156 819 1206 845 ne
1229 819 1326 862 gra-

42 875 146 919 viter
169 875 216 917 in
242 873 427 933 conscios
451 871 688 930 defefllorzis
711 875 1128 930 animadverteretur,
1154 889 1209 919 eo
1229 874 1327 935 ipso

43 957 246 1008 tempore
262 979 275 1002 ,
295 960 388 1006 quo
418 945 599 1007 rogavit
613 979 625 1001 ,
642 961 696 990 ne
715 945 812 1007 quis
835 945 1012 992 senator
1039 947 1321 1009 temporibus

23 1017 129 1064 ¹suis
160 1017 336 1080 capitali
364 1016 585 1079 supplicio
613 1018 865 1064 afficeretur
888 1035 899 1065 ε
931 1018 1055 1081 quod
1083 1018 1147 1065 illi
1182 1020 1327 1066 maxi-

42 1106 166 1136 mum
208 1105 409 1136 amorem
458 1089 738 1138 conciliavit.
783 1090 1028 1153 Denique,
1057 1092 1328 1154 paucissimis

41 1162 385 1209 centurionibus
418 1161 619 1223 punitis,
654 1163 916 1225 deportatos
951 1164 1162 1211 revocari
1194 1163 1328 1225 justit.

104 1236 184 1282 IX.
215 1234 599 1281 Antiochensibus
616 1269 630 1292 ‚
657 1235 735 1297 qui
762 1236 931 1283 Avidio
960 1235 1111 1282 Caffio
1135 1239 1327 1284 consen-

40 1306 207 1366 serant,
229 1308 302 1356 sed
331 1309 381 1355 &
402 1307 497 1354 aliis
517 1308 803 1367 civitatibus,
821 1326 924 1372 quae
943 1308 1071 1355 illum
1099 1309 1328 1371 juverant,

37 1381 257 1446 ignovit:
292 1399 394 1430 cum
424 1382 569 1445 primo
596 1384 977 1432 Antiochensibus
1014 1385 1209 1447 graviter
1240 1386 1329 1433 ira-

37 1467 108 1501 tus
132 1455 235 1502 effet
252 1491 266 1513 ‚
287 1455 440 1519 hisque
459 1456 703 1521 speQacula
722 1456 978 1512 sustuliffet,
1005 1458 1053 1504 &
1082 1457 1218 1503 multa
1240 1457 1327 1503 alia

39 1528 236 1575 civitatis
252 1542 513 1575 ornamenta
528 1564 540 1585 ‚
561 1547 660 1592 quae
679 1531 830 1592 postea
857 1529 1062 1578 reddidit.
1083 1529 1220 1576 Filios
1240 1547 1324 1577 ve-

38 1615 93 1645 ro
127 1599 283 1646 Avidii
317 1601 450 1647 Caffii
471 1635 485 1657 ‚
522 1601 781 1648 Antoninus
813 1604 992 1648 Marcus
1026 1613 1150 1664 parte
1179 1603 1324 1650 media

36 1672 210 1734 paterni
236 1672 495 1734 patrimonii
525 1674 741 1730 donavit3
764 1674 824 1721 ita
853 1687 901 1721 ut
927 1673 1038 1721 filias
1065 1674 1158 1735 ejus
1178 1691 1291 1721 auro
1313 1709 1329 1732 ,

37 1760 223 1808 argento
240 1781 254 1803 ‚
273 1747 322 1793 &
340 1743 524 1809 gemmis
548 1747 815 1794 honestaret.
836 1764 937 1794 nam
957 1749 1010 1795 &
1029 1747 1294 1794 Alexandrae
1307 1783 1323 1805 ,

35 1818 140 1865 filiae
171 1819 336 1877 Caffii,
363 1821 413 1867 &
447 1837 614 1884 genero
645 1821 963 1881 Druentiano,
992 1821 1177 1868 liberam
1211 1838 1322 1869 eva-

34 1891 199 1970 gandi,
223 1892 299 1938 ubi
324 1892 520 1950 vellent,
547 1894 808 1955 potestatem
846 1893 990 1940 dedit:
1013 1893 1322 1956 vixeruntque

36 1979 132 2009 non
161 1952 317 2028 quasit
321 1965 488 2028 ytanni
521 1965 740 2029 pignora,
761 1964 834 2011 sed
859 1965 978 2028 quali
1007 1965 1215 2011 senatorii
1242 1981 1322 2011 or-

35 2035 220 2091 dinis,
208 2053 254 2082 m
284 2037 450 2084 summa
475 2037 732 2093 securitate;
765 2055 865 2085 cum
891 2038 978 2084 illis
1005 2039 1135 2085 etiam
1166 2040 1213 2085 in
1241 2039 1319 2085 lite

36 2106 177 2169 objici
204 2107 429 2157 fortunam
462 2112 658 2174 propriae
686 2111 897 2157 vetuifi'et
925 2112 1114 2174 domus,
1136 2112 1318 2157 damna-

34 2182 91 2228 tis
120 2182 341 2245 aliquibus
370 2184 634 2246 injuriarum
657 2222 670 2244 ,
707 2187 832 2249 quod
866 2185 913 2231 in
945 2202 1024 2232 eos
1067 2185 1320 2248 petulantes

35 2255 235 2304 fuiffent:
257 2274 371 2320 quos
392 2260 570 2323 quidem
602 2260 748 2307 amitae
774 2260 864 2306 suae
892 2259 1055 2305 marito
1086 2274 1319 2305 commen·

33 2330 170 2377 davit.
206 2330 250 2376 Si
278 2331 376 2393 quis
413 2344 558 2378 autem
589 2350 771 2379 omnem
805 2333 918 2378 hanc
946 2331 1174 2377 historiam
1206 2332 1315 2379 scire

35 2403 270 2466 desiderat,
296 2405 410 2469 legat
435 2405 568 2454 Marii
594 2405 784 2455 Maximi
811 2404 1052 2455 fecundum
1074 2404 1237 2452 librum
1263 2405 1318 2453 de
