1714 2807
324 176 418 225 '‘70
541 163 1403 212 AELIISPARTIANI

323 270 493 333 praefidi
510 305 522 328 ,
542 271 614 318 vel
631 271 777 333 legato
791 305 804 327 ,
829 270 900 316 vel
920 271 1210 333 proconsuli,
1230 274 1353 335 quod
1376 273 1498 335 prius
1516 274 1595 320 de-⁴

322 358 543 407 ponerent
583 345 868 407 potestatem,
904 363 1033 409 quam
1071 347 1230 394 scirent
1265 349 1595 396 administrare:

322 416 481 463 deinde
517 433 572 462 ne
607 417 720 464 novi
752 419 807 463 ad
838 420 1073 481 regendam
1109 421 1426 481 rempublicam
1468 437 1597 468 acce-

320 489 491 536 derent.
523 490 684 535 Praeter
716 490 926 537 militares
959 490 1385 546 administrationes,
1415 491 1596 538 intima-

321 562 391 607 vit
419 563 576 619 efiam,
603 579 651 608 ut
679 563 928 620 assessores,
957 563 1001 608 in
1032 563 1193 625 quibus
1217 564 1467 624 provinciis
1492 565 1596 611 affe·

320 633 504 690 dissent,
530 634 577 679 in
611 635 677 681 his
704 635 1082 682 administrarent:
1115 636 1242 697 quod
1277 636 1425 696 postea
1455 638 1595 683 Seve-

320 723 422 762 rus,
449 709 497 754 &
528 707 734 769 deinceps
754 708 883 754 multi
907 719 1170 762 tenuerunt,
1195 721 1243 753 ut
1268 709 1459 768 probant
1486 711 1594 755 Pau-

321 778 351 823 li
384 781 431 825 &
460 778 639 840 Ulpiani
671 778 973 840 praefeflurae‚
1005 778 1082 841 qui
1114 779 1361 840 Papiniano
1395 780 1442 825 in
1479 796 1597 827 con-

321 851 420 898 silio
448 852 654 898 fuerunt:
684 871 734 900 ac
763 853 915 914 postea
944 870 1044 900 cum
1076 870 1188 899 unus
1219 854 1270 899 ad
1304 854 1561 900 memoriam
1581 890 1596 911 ‚

319 925 429 971 alter
449 926 499 971 ad
529 926 703 971 libellos
725 926 954 987 paruisset,
975 926 1114 972 statim
1138 926 1333 973 Praefcffi
1360 926 1459 974 faffl
1483 927 1596 974 sunt.

320 996 464 1057 Hujus
494 998 624 1044 etiam
659 998 770 1044 illud
804 998 913 1056 fuit,
943 1000 1005 1044 Ut
1045 1014 1179 1045 nemo
1208 999 1407 1045 affideret
1441 999 1488 1045 in
1521 1000 1595 1046 sua

320 1070 586 1132 provincia,
609 1083 657 1116 ut
685 1087 818 1116 nemo
846 1071 1162 1117 administraret
1189 1072 1377 1128 Romae,
1402 1071 1480 1117 nisi
1500 1073 1598 1118 Ro-

321 1160 504 1200 manus,
536 1144 624 1189 hoc
656 1142 743 1201 est,
766 1143 981 1190 oriundus
1009 1144 1143 1190 Urbe.
1170 1144 1351 1189 Addidit
1383 1157 1595 1205 praeterea

319 1213 580 1260 consiliariis
597 1214 744 1260 salaria
763 1249 775 1270 ,
793 1231 846 1260 ne
876 1231 955 1261 eos
981 1216 1416 1279 gravarent,quibus
1441 1217 1594 1262 affide-

319 1285 451 1341 bant,
472 1286 648 1342 dicens,
667 1288 850 1332 Iudicem
880 1305 950 1332 nec
982 1289 1112 1332 debere
1144 1290 1238 1331 dare
1256 1322 1269 1343 ‚
1297 1305 1368 1332 nec
1404 1290 1590 1347 accipere.

321 1358 408 1405 Hic
437 1375 536 1421 erga
567 1359 728 1406 milites
754 1373 874 1405 tanta
909 1358 993 1404 fuit
1024 1359 1232 1417 censura,
1252 1373 1325 1418 ut,
1346 1377 1445 1406 cum
1476 1361 1594 1422 apud

317 1431 563 1494 AEgyptum
591 1433 645 1478 ab
673 1450 729 1478 eo
760 1433 973 1479 limitanei
1005 1433 1164 1479 milites
1189 1435 1344 1480 vinum
1367 1449 1592 1496 peterent,

317 1504 618 1566 responderit,
635 1510 782 1552 Nilum
799 1510 956 1553 habetis
970 1544 980 1561 ,
999 1506 1039 1554 ἃ
1061 1511 1204 1553 vinum
1225 1510 1403 1568 quaeritis
1418 1512 1443 1554 ἓ
1463 1508 1592 1572 fiqui-

317 1577 418 1623 dem
446 1587 566 1624 tanta
592 1579 708 1625 illius
735 1579 929 1626 fluminis
959 1580 1150 1626 dulcedo
1168 1616 1182 1638 ,
1216 1594 1263 1627 ut
1295 1582 1460 1628 accolae
1486 1583 1592 1628 vina

318 1665 413 1694 non
438 1663 652 1713 quaerant.
677 1652 795 1697 ldem
824 1652 1197 1698 tumultuantibus
1223 1652 1296 1709 iis,
1315 1653 1390 1714 qui
1410 1656 1593 1700 aSarra-

317 1720 438 1767 cenis
470 1721 577 1769 vifili
606 1722 804 1778 fuerant,
833 1724 882 1771 &
913 1723 1185 1780 dicentibus,
1218 1725 1382 1769 Vinum
1405 1744 1490 1770 non
1517 1745 1591 1772 ac-

317 1794 525 1852 cepimus,
548 1814 734 1858 pugnare
762 1814 846 1840 non
875 1795 1089 1858 poffumus
1101 1815 1121 1850 ,·
1140 1798 1394 1856 Erubdhite,
1424 1797 1592 1857 inquit,

317 1870 408 1923 illi,
429 1871 498 1927 qui
527 1887 598 1914 vos
628 1871 996 1929 vincunt,aquam
1027 1872 1181 1914 bibunt.
1214 1870 1330 1914 Idem
1352 1869 1591 1915 Palaestinis

317 1940 604 2002 rogantibus,
637 1955 686 1987 ut
725 1957 881 1988 eorum
918 1941 1101 1989 censitio
1132 1942 1356 1987 levaretur
1386 1942 1591 1999 idcirco,

315 2011 442 2072 quod
474 2011 576 2058 esset
613 2027 822 2076 gravata,
860 2014 1114 2076 respondit:
1156 2019 1242 2059 Vos
1280 2032 1405 2060 terras
1441 2015 1588 2079 vestras

316 2088 443 2131 levari
466 2086 679 2149 censitione
698 2090 852 2133 vultis:
883 2106 952 2149 ego
984 2106 1074 2134 vero
1099 2089 1223 2134 etiam
1255 2107 1383 2134 aerem
1417 2089 1584 2153 vestrum

315 2157 464 2217 cenfire
493 2162 649 2205 vellem.

382 2223 501 2268 VIII.
523 2221 733 2285 Denique
759 2222 972 2284 Delphici
1006 2223 1231 2285 Apollinis
1256 2235 1381 2272 vates
1405 2224 1451 2271 in
1482 2240 1586 2271 mo-

317 2306 366 2340 tu
402 2295 656 2356 reipublicae
680 2296 1025 2352 maximo‚cum
1067 2297 1346 2343 nuntiaretur
1380 2311 1465 2343 tres
1500 2297 1585 2344 effe

317 2370 636 2429 Imperatores,
658 2370 870 2415 Severum
893 2370 1150 2431 Septimium
1166 2406 1179 2427 ‚
1197 2370 1478 2417 Pescennium
1498 2371 1584 2415 Ni-

315 2456 470 2502 grum,
493 2442 707 2491 Clodium
734 2443 972 2504 Albinum,
996 2443 1222 2491 consultus
1249 2460 1381 2509 quem
1403 2442 1583 2506 expedi-2
