1637 2785
221 129 225 132 ’
263 127 648 176 PERTINAX
685 130 1131 178 IMPERATOR.
1265 138 1352 191 125'

67 247 160 292 rat,
182 234 330 283 solvit.
352 237 561 281 Annonae
590 235 908 282 consultissime
936 238 1153 299 providit.
1173 240 1226 283 Et
1247 257 1349 287 cum

64 323 231 358 tantam
258 308 488 371 penuriam
522 307 662 354 aerarii
696 308 905 366 haberet,
933 323 983 355 ut
1009 324 1168 372 praeter
1205 313 1349 360 decies

63 383 303 431 sestertium
336 399 431 429 non
464 382 506 428 se
543 381 759 428 invenisse
793 381 1032 441 fateretur,
1070 386 1251 433 coaCsus
1289 387 1350 433 est

62 473 113 504 ea
147 456 353 519 exigere,
397 472 496 517 quae
544 454 830 502 Commodus
876 454 1125 512 indixerat;
1164 473 1352 517 contra,

64 546 198 592 quam
221 528 438 591 professus
462 528 617 575 fuerat.
638 528 853 591 Denique
877 530 1095 592 aggressus
1123 549 1224 578 eum
1247 536 1351 581 Lol·
1381 546 1383 548 ·

60 602 206 648 lianus
231 602 481 650 Gentianus
500 600 788 658 Consularis,
820 603 944 665 quod
977 616 1136 650 contra
1158 606 1352 665 promis-

58 674 153 722 sum
178 675 374 732 faceret,
406 674 671 723 necessitatis
694 674 917 721 rationem
942 676 1129 738 accepit.
1158 679 1352 725 Aufflo-

59 766 162 796 nem
189 766 339 796 rerum
366 748 614 796 Commodi
641 749 825 805 habuit,
845 748 907 796 ita
938 763 986 796 ut
1018 751 1068 798 &
1103 767 1268 813 pueros
1300 755 1352 802 &

59 822 340 870 concubinas
382 821 517 868 vendi
561 820 767 881 juberet3
806 822 1007 884 exceptis
1043 822 1128 879 iis,
1157 824 1233 887 qui
1272 842 1351 887 per

62 895 156 942 vim
195 895 366 942 Palatio
406 894 680 943 videbantur
719 894 888 941 inserti.
924 897 974 943 &
1010 896 1063 942 de
1101 897 1197 953 his,
1233 915 1349 960 quos

57 968 198 1015 vendi
231 967 379 1029 juffit,
405 967 536 1014 multi
563 968 715 1030 postea
744 967 911 1014 reduffi
941 968 994 1014 ad
1026 969 1317 1017 ministerium
1335 1006 1347 1026 ‚

57 1041 401 1087 oble&averunt
427 1039 571 1086 senem
591 1057 602 1086 :
625 1040 702 1102 qui
726 1056 804 1102 per
824 1039 936 1086 alios
957 1041 1188 1103 Principes
1210 1043 1348 1106 usque

57 1114 113 1160 ad
153 1112 415 1160 senatoriam
454 1113 715 1176 dignitatem
762 1126 1083 1173 pervenerunt.
1131 1115 1349 1173 Scurras,

58 1186 411 1249 turpiffimorum
435 1185 671 1232 nominum
694 1186 917 1232 dedecora
935 1186 1227 1249 perferentes,
1243 1206 1347 1252 pro—-

57 1259 226 1323 scripsit
250 1276 302 1307 ac
326 1258 544 1308 vendidit.
566 1257 693 1319 cujus
718 1257 1060 1308 nundinationis
1083 1263 1348 1323 pecuniam,

54 1348 156 1396 quae
178 1331 333 1394 ingens
362 1330 480 1389 fuit,
506 1330 727 1378 militibus
749 1331 974 1378 donativo
1000 1333 1135 1381 dedit.

121 1405 240 1449 VIII.
273 1406 312 1449 A
347 1402 518 1449 libertis
551 1402 685 1449 etiam
725 1419 775 1449 ea
806 1402 978 1465 exegit,
1011 1404 1173 1466 quibus
1202 1406 1346 1453 Com-

56 1475 198 1521 modo
232 1475 458 1521 vendente
487 1474 613 1521 ditati
644 1474 832 1521 fuerant.
871 1471 1032 1522 A‘uslio
1064 1475 1164 1523 sane
1197 1494 1346 1524 rerum

55 1548 303 1594 Commodi
331 1548 376 1594 in
417 1548 487 1594 his
521 1547 738 1611 insignior
767 1546 875 1594 fuit:
905 1547 1038 1595 vestis
1069 1548 1346 1613 subtegmine

56 1623 199 1671 serico
222 1624 364 1670 aureis
381 1621 483 1670 filiis
506 1624 747 1686 insignior,
768 1640 846 1686 per
870 1623 1044 1671 tunicas
1063 1626 1347 1691 paenulasque

56 1698 255 1744 lacernas
287 1698 338 1744 &
367 1697 626 1744 chirodotas
653 1698 968 1745 Dalmatarum
993 1698 1044 1745 δι’,
1064 1698 1243 1746 cirratas
1263 1701 1348 1747 mi-

55 1771 228 1829 litares,
258 1771 590 1834 purpureasque
615 1772 875 1836 chlamydes
901 1773 1189 1820 Graecanicas
1213 1787 1346 1838 atque

57 1845 320 1901 castrenses,
351 1846 400 1893 &
442 1846 608 1892 cuculli
646 1846 874 1904 Bardaici,
908 1848 958 1894 &
991 1858 1096 1910 toga
1136 1865 1346 1911 armaque

54 1918 310 1981 gladiatoria
330 1918 514 1981 gemmis
535 1935 736 1982 auroque
774 1920 1049 1982 composita,
1070 1923 1119 1968 δε
1154 1924 1346 1970 machae-

54 2009 122 2040 ras
153 1994 484 2052 Herculaneas,
515 1995 564 2042 &
603 2006 789 2059 torques
817 1994 1128 2059 gladiatorias,
1153 1999 1346 2062 vasaque

55 2068 178 2114 eluto
205 2085 342 2127 auro,
372 2069 537 2124 ebore,
569 2083 785 2132 argento,
821 2070 1030 2133 citroque
1062 2072 1345 2133 composita,

52 2153 185 2202 atque
215 2140 347 2187 etiam
376 2140 755 2202 phallovitroboli
784 2158 840 2188 ex
873 2142 1058 2189 materie
1083 2144 1263 2201 eadem,
1296 2146 1346 2192 δε

55 2210 159 2257 vasa
192 2211 457 2270 Samnitica,
486 2213 771 2260 calfactandae
801 2214 954 2260 refinae
993 2232 1043 2261 ac
1079 2215 1166 2276 pici
1199 2215 1345 2263 divel-

53 2283 195 2330 lendis
224 2283 483 2332 hominibus
511 2300 563 2332 ac
593 2285 879 2349 laevigandis:
911 2303 995 2333 nec
1025 2302 1120 2332 non
1153 2287 1343 2335 vehicu-

53 2355 94 2402 la
130 2369 222 2403 arte
259 2355 439 2404 fabricae
476 2374 627 2416 nova,
667 2360 890 2422 perplexis
920 2359 1189 2423 diversisque
1221 2376 1343 2410 rota·

57 2446 158 2477 rum
191 2430 377 2478 orbibus
413 2433 462 2480 &
488 2432 717 2495 exquisitis
750 2433 991 2492 sedilibus,
1021 2451 1142 2484 nune
1175 2437 1231 2484 ad
1265 2435 1343 2485 so-
