1637 2785
1273 153 1356 199 153

120 474 413 545 FLAVH
449 475 514 541 V
522 473 808 543 OPISCI
855 474 1325 545 SYRACUSII

205 669 525 749 DIVUS
574 667 1252 746 AURELIANUS.

89 1060 121 1105 1.
156 1018 488 1107 Huiuussus
509 1055 696 1119 ,quibus
724 1054 874 1102 omnia
894 1053 998 1102 festa
1022 1055 1071 1102 δι
1090 1052 1188 1101 fieri
1209 1053 1371 1100 debere

91 1130 278 1188 scimus,
297 1133 345 1177 &
373 1131 487 1186 dici,
509 1130 701 1191 impletis
731 1129 1027 1186 solemnibus,
1054 1127 1268 1192 vehiculo
1291 1127 1372 1173 suo

91 1220 162 1250 me
188 1205 238 1251 &
270 1201 468 1263 judiciali
501 1216 717 1264 carpento
746 1200 981 1248 Praefefius
1008 1201 1150 1260 urbis,
1173 1201 1243 1247 vir
1268 1199 1373 1245 illu-

90 1276 220 1329 stris,
253 1292 306 1322 ac
342 1274 523 1338 praefata
560 1275 812 1322 reverentia
856 1274 1187 1333 nominandus,
1221 1276 1375 1322 Junius

88 1348 358 1396 Tiberianus
389 1347 580 1410 accepit.
619 1348 682 1394 lbi
718 1363 819 1394 cum
852 1347 1053 1405 animus,
1079 1365 1103 1395 a
1132 1348 1270 1396 causis
1310 1366 1378 1395 at-

91 1438 179 1484 que
211 1438 237 1468 a
268 1421 460 1484 negotiis
495 1420 686 1482 publicis
716 1419 888 1465 solutus
913 1436 964 1467 ac
995 1420 1134 1479 liber,
1167 1436 1377 1479 vacaret,

93 1495 343 1541 sermonem
379 1495 566 1541 multum
593 1511 615 1539 a
645 1493 814 1540 Palatio
839 1492 976 1556 usque
1006 1494 1061 1540 ad
1089 1494 1249 1541 hortos
1280 1497 1377 1541 Va-

93 1567 288 1614 lerianos
312 1565 528 1625 instituit,
550 1568 598 1614 &
626 1565 670 1612 in
696 1566 793 1627 ipso
812 1568 1035 1628 praecipue
1055 1568 1109 1614 de
1135 1570 1227 1615 vita
1251 1569 1378 1615 Prin-

94 1640 263 1702 cipum.
291 1639 499 1702 Cumque
531 1639 585 1684 ad
611 1638 825 1700 templum
853 1639 969 1685 Solis
1000 1639 1294 1706 venissemus,
1321 1640 1377 1687 ab

97 1711 353 1758 Aureliano«
370 1710 577 1772 Principe
613 1711 947 1769 consecratum,
975 1712 1100 1775 quod
1134 1711 1224 1774 ipse
1256 1729 1379 1759 non—

96 1781 286 1830 nihilum
320 1799 376 1829 ex
402 1781 496 1843 ejus
527 1782 702 1844 origine
739 1782 989 1845 {unguinem
1021 1784 1231 1840 duceret,
1254 1801 1380 1847 quae-

96 1855 201 1903 fivit
226 1873 247 1901 a
278 1872 374 1913 me,
397 1855 496 1918 quis
523 1855 660 1901 vitam
689 1854 782 1916 ejus
809 1856 851 1902 in
875 1855 1022 1902 literas
1046 1856 1267 1903 retuliffet.
1289 1857 1379 1905 Cui

97 1944 186 1991 ego
213 1945 314 1975 cum
338 1927 653 1990 respondissem
671 1964 684 1986 ‚
705 1930 926 1976 neminem
945 1946 967 1975 a
995 1946 1064 1976 me
1088 1931 1378 1987 Latinorum,

99 2003 368 2047 Graecorum
397 2001 574 2065 aliquos
600 2002 816 2048 leffltatos
834 2037 845 2057 ‚
865 2002 1071 2049 dolorem
1101 2004 1289 2066 gemitus
1315 2004 1380 2050 sui

101 2075 175 2120 vir
203 2074 372 2120 san&us
398 2090 476 2136 per
511 2074 605 2121 haec
642 2075 777 2121 verba
816 2077 1045 2137 profudit:
1070 2082 1184 2140 Ergo
1221 2077 1382 2141 leersis

99 2164 203 2204 tem,
239 2151 466 2206 Sinonem,
500 2164 700 2210 ceteraque
743 2151 820 2195 illa
851 2152 1049 2212 prodigia
1076 2152 1307 2216 vetustatis,
1338 2149 1382 2196 G·

100 2238 179 2264 nos
205 2222 300 2265 bene
310 2220 498 2279 scimus,
522 2218 565 2266 δ’
579 2221 727 2284 posteri
736 2221 1071 2281 frequentabunt.
1095 2225 1259 2267 Divum
1284 2226 1382 2268 Au-

102 2294 303 2338 relianum
320 2326 335 2350 ‚
358 2291 617 2354 clarfflmum
644 2295 904 2354 Principem,
921 2295 1054 2355 severi
1083 2313 1211 2340 unum
1243 2297 1382 2354 Impe-

103 2380 274 2410 ratorem
295 2398 308 2421 ‚
334 2383 407 2424 per
435 2382 548 2425 quem
577 2381 687 2411 totus
716 2370 908 2413 Romano
935 2370 1098 2413 nomini
1124 2368 1234 2413 orbis
1254 2368 1306 2434 est
1324 2386 1382 2412 re-

89 2434 290 2500 stitutus,
315 2437 460 2502 posteri
494 2436 708 2496 nescient?
742 2439 863 2483 Deus
903 2454 1060 2484 avertat
1092 2441 1200 2484 hanc
1236 2456 1382 2485 amen-
