1714 2807
338 158 429 204 116
542 158 946 205 TREBELLII
996 160 1403 211 POLLIONIS

333 283 452 312 venes
471 266 592 324 filios
611 300 625 321 ‚
658 266 858 312 Romano
889 268 1042 330 dignos
1078 272 1273 332 collegio,
1305 272 1442 337 tustra
1471 275 1622 335 dignos

331 338 551 396 amicicia,
576 337 626 386 &
652 336 842 401 reliqua.

412 497 605 555 XII.
671 498 808 553 DE
875 500 1526 567 MACRIANO

689 632 1235 692 JUNIORE.

328 849 453 896 XIII.
494 805 736 893 MULTA
768 844 821 891 de
856 845 949 893 hoc
983 844 1028 892 in
1067 845 1205 909 patris
1239 845 1433 910 imperio
1472 848 1620 911 praeli·

327 921 431 968 bata
450 919 575 976 sunt,
595 919 671 981 qui
698 934 928 980 nunquam
955 921 1202 981 Imperator
1228 919 1363 967 faetus
1391 921 1521 979 esset,
1539 923 1619 969 nifi

325 992 576 1056 prudentiae
607 992 743 1054 patris
770 991 864 1053 ejus
890 992 1112 1039 creditum
1145 993 1387 1041 videretur.
1425 996 1498 1041 De
1529 996 1620 1044 hoc

322 1067 456 1131 plane
478 1067 618 1112 multa
639 1065 840 1112 miranda
861 1065 1099 1118 dicuntur,
1116 1083 1215 1130 quae
1229 1066 1283 1113 ad
1304 1067 1619 1116 fortitudinem

324 1140 581 1203 pertineant
606 1138 821 1201 juvenilis
844 1138 998 1187 aetatis.
1020 1140 1104 1187 Sed
1137 1141 1191 1186 ad
1213 1139 1325 1187 fa&a
1343 1177 1356 1198 ‚
1382 1157 1455 1188 aut
1479 1159 1620 1206 quan-

324 1229 422 1261 tum
452 1214 498 1260 in
522 1213 649 1260 bellis
665 1248 678 1271 ,
701 1213 847 1259 minus
868 1214 987 1260 valet
1015 1213 1253 1263 fortitudo.
1285 1215 1373 1262 Hic
1400 1215 1520 1262 enim
1542 1232 1623 1263 ve-

325 1289 508 1335 hemens
533 1304 633 1333 cum
662 1286 1000 1348 prudentissimo
1027 1299 1175 1348 patre,
1199 1287 1327 1347 cujus
1347 1288 1510 1335 merito
1531 1288 1619 1336 im-

325 1378 482 1426 perare
510 1374 736 1423 coeperat,
757 1377 780 1406 a
809 1359 1085 1407 Domitiano
1116 1360 1290 1417 vietus,
1321 1361 1503 1425 triginta
1533 1361 1618 1426 (ut

326 1434 525 1498 superius
556 1433 684 1498 dixi)
718 1434 916 1481 millibus
946 1434 1137 1481 militum
1170 1435 1383 1497 spoliatus
1412 1435 1496 1482 est:
1523 1435 1617 1481 nia-

325 1523 393 1556 tre
415 1507 589 1568 nobili,
615 1521 739 1571 patre
768 1519 944 1555 tantum
970 1507 1107 1566 forti,
1128 1507 1178 1555 &
1200 1508 1255 1554 ad
1289 1508 1453 1555 bellum
1488 1525 1617 1570 para-

325 1596 414 1641 10,
452 1595 583 1644 atque
624 1581 679 1628 ab
714 1581 872 1628 ultima
913 1579 1071 1626 militia
1111 1579 1158 1626 in
1194 1579 1417 1628 summum
1453 1597 1618 1644 perve—

327 1656 481 1705 niente
511 1656 754 1715 ducatum‚
787 1658 837 1703 &
867 1653 1105 1718 splendore
1136 1652 1329 1702 sublimi.

463 1826 723 1885 X111.
791 1827 927 1882 DE
998 1823 1480 1899 QUIETO.

327 2047 458 2095 XIV.
477 2006 657 2101 HIC,
682 2057 732 2091 ut
752 2043 975 2099 diximus,
995 2041 1215 2090 Macriani
1244 2040 1361 2088 filius
1381 2039 1490 2087 fuit:
1513 2056 1614 2088 cum

326 2132 452 2184 patre
481 2120 529 2165 &
558 2117 720 2177 fratre,
744 2118 913 2164 Balistae
943 2117 1146 2179 judicio,
1176 2120 1424 2178 Imperator
1453 2114 1514 2160 est
1546 2113 1613 2160 fa—

328 2195 437 2240 etus.
471 2191 556 2237 Sed
594 2191 672 2237 ubi
706 2190 929 2252 comperit
969 2190 1238 2245 Odenatus,
1275 2189 1351 2250 qui
1383 2187 1493 2233 olim
1524 2185 1612 2247 jam

326 2265 566 2312 Orientem
586 2264 790 2321 tenebat,
811 2264 864 2309 ab
883 2264 1085 2310 Aureolo
1114 2261 1391 2308 Macrianum
1414 2271 1583 2321 patrem
1597 2291 1613 2315 ‚

328 2337 545 2400 Quietum
563 2371 575 2389 ‚
599 2337 647 2383 &
665 2335 761 2395 ejus
779 2335 957 2382 fratrem
982 2335 1259 2381 Macrianum
1288 2332 1433 2378 viilos
1452 2366 1465 2385 ‚
1490 2329 1610 2375 'mili—

327 2426 394 2459 tes
421 2411 465 2457 in
503 2409 597 2469 ejus
635 2409 897 2469 potestatem
931 2407 1223 2461 conceffiffe3
1255 2404 1376 2466 quasi
1417 2400 1611 2448 Gallieni

323 2499 479 2550 partes
504 2483 784 2544 vindicaret,
811 2480 1141 2534 adolescentem
1175 2496 1278 2529 cum
1307 2475 1464 2526 Balissa
1497 2475 1611 2521 Prae·
