1637 2785
330 150 660 195 OPILIUS
714 150 1158 200 MACRINUS.
1292 169 1386 214 219

104 256 160 301 ab
197 254 348 317 aliquo
375 267 505 316 poeta
535 254 707 317 vulgari
738 256 936 302 translati
970 257 1068 305 ess'e.
1102 257 1244 317 Quod
1283 274 1387 305 cum

105 329 330 375 Macrinus
359 326 566 378 audisset,
591 326 696 372 fecit
728 325 931 386 jambos,
964 330 1041 390 qui
1068 346 1161 375 non
1183 330 1386 379 exstant:

101 399 400 459 jucundissimi
432 413 577 445 autem
606 398 730 448 fussffe
755 399 979 447 dicuntur.
1001 401 1080 462 qui
1110 402 1286 459 quidem
1311 419 1387 464 pe·

102 472 272 520 rierunt
293 472 335 516 in
352 486 408 518 eo
425 471 636 538 tumultu,
653 471 696 517 in
718 488 813 533 quo
834 471 924 533 ipse
944 474 1118 520 occisus
1138 474 1198 520 est
1213 510 1228 532 ,
1243 492 1387 538 quan-

103 545 163 592 do
197 547 245 594 &
276 545 427 591 omnia
453 544 545 602 ejus
569 562 590 590 a
621 544 837 591 militibus
865 545 1109 605 pervastata
1132 547 1243 594 sunt.

182 620 290 668 XV.
322 621 480 666 Genus
502 619 690 676 mortis,
712 633 760 665 ut
784 619 1005 677 diximus,
1027 620 1109 666 tale
1139 619 1237 666 fuit.
1268 621 1386 667 Cum

100 692 145 738 in
172 694 459 740 Antoninum
493 692 834 755 Heliogabalum
859 693 1078 740 exercitus
1113 693 1386 751 inclinass‘et,

41 778 45 783 ‘
100 764 175 812 ille
201 765 342 828 fugit,
371 765 583 828 belloque
614 765 756 812 vicius
776 764 864 822 est,
887 765 1132 814 &occisus
1152 766 1198 812 in
1227 767 1386 812 subur-

102 839 221 884 bano
252 837 479 901 Bithyniae
499 874 511 894 ‚
542 837 628 884 suis
663 839 820 899 partim
855 839 1045 897 deditis,
1069 841 1228 902 partim
1262 839 1387 886 occi-

100 911 184 969 fis,
215 911 374 973 partim
407 911 578 975 fugatis.
609 916 670 957 lta
712 911 1028 977 Heliogabalus
1059 913 1202 960 clarus
1241 912 1387 958 reddi·

103 999 175 1031 tus
203 983 264 1030 est
283 1019 297 1041 ,
317 983 445 1046 quod
479 983 704 1030 videretur
735 985 872 1047 patris
894 984 1135 1033 vindicasse
1159 1000 1350 1031 mortem
1374 1004 1387 1032 ε

100 1072 235 1121 atque
261 1059 365 1106 inde
393 1058 437 1105 in
467 1059 707 1121 imperium
743 1059 869 1106 venit
889 1093 903 1117 ,
939 1061 1064 1122 quod
1095 1059 1387 1108 dedecoravit

100 1131 221 1178 vitiis
248 1131 528 1194 ingentibus,
556 1131 758 1189 luxuria,
778 1131 1083 1193 turpitudine,
1105 1132 1384 1197 abliguritio-

98 1220 182 1260 ne,
212 1203 445 1265 superbia,
464 1203 767 1250 immanitate:
793 1202 868 1262 qui
896 1203 1057 1266 &ipse
1077 1203 1260 1249 fimilem
1290 1203 1387 1249 exi·-

99 1288 195 1322 tum
228 1275 334 1322 vitae
368 1276 453 1322 suae
482 1275 665 1322 sortitus
693 1275 767 1321 est.
791 1275 901 1322 Haec
928 1276 982 1322 de
1007 1276 1219 1322 Macrino
1253 1277 1385 1321 nobis

99 1347 199 1394 sunt
223 1348 406 1411 cognita
422 1384 434 1406 ,
456 1348 606 1394 multis
625 1348 771 1412 aliqua
795 1347 1101 1404 variantibus,
1124 1360 1173 1395 ut
1193 1349 1234 1395 se
1253 1349 1385 1396 habet

99 1423 249 1470 omnis
279 1422 487 1469 historia:
515 1439 614 1486 quae
635 1424 689 1469 de
724 1423 929 1485 plurimis
961 1423 1180 1478 collecta,
1207 1423 1383 1469 Sereni—

100 1494 179 1542 tati
205 1508 291 1540 tuae
308 1530 321 1552 ,
352 1493 642 1541 Diocletiane
667 1495 863 1559 Auguste
878 1529 892 1550 ,
924 1494 1163 1541 detulimus
1180 1530 1192 1551 ‚
1214 1494 1319 1557 quia
1340 1507 1383 1542 te

100 1568 313 1631 cupidum
343 1580 546 1617 veterum
566 1570 891 1631 Imperatorum
925 1566 1009 1614 effe
1036 1565 1353 1630 perspeximus.
