1637 2785
269 127 594 174 OPILIUS
643 126 1089 176 MACRINUS.
1241 140 1327 178 211

49 244 146 281 tum
177 233 385 292 timebat,
403 250 486 290 ne,
516 249 572 279 eo
597 233 923 281 interveniente
943 271 957 292 ,
988 235 1111 282 suum
1145 236 1337 300 impedi-

51 323 172 355 retur
198 308 432 370 imperium
455 325 466 354 ε
496 309 621 370 quod
651 323 824 376 raptum
857 309 997 367 ierat,
1025 309 1096 356 sed
1125 313 1245 374 quasi
1268 313 1338 358 in·

53 384 175 430 vitus
193 395 454 443 acceperat3
477 394 526 428 ut
549 381 646 428 sunt
666 382 896 438 homines,
919 382 997 444 qui
1017 385 1071 429 ad
1096 401 1146 431 ea
1173 385 1212 432 se
1232 388 1338 452 cogi

53 457 234 509 dicunt,
253 471 355 517 quae
387 454 459 500 vel
483 454 722 501 sceleribus
754 467 1032 516 comparant.
1060 456 1230 505 Timuit
1256 478 1338 507 au-

54 541 142 575 tem
174 526 305 572 etiam
329 526 549 590 collegam
567 561 581 584 ‚
606 543 659 572 ne
690 529 738 574 &
762 526 849 589 ipse
878 527 1097 590 imperare
1126 547 1337 593 cuperet,

56 599 333 663 sperantibus
361 600 560 656 cunctis,
589 600 713 661 quod
738 600 766 644 si
786 598 915 646 unius
943 602 1118 648 numeri
1146 605 1344 651 consen-⁵

55 676 123 722 sus
140 675 369 721 accederet
390 708 402 731 ,
423 690 568 736 neque
595 674 670 719 ille
691 674 939 730 recusaret,
969 676 1017 722 &
1042 693 1199 724 omnes
1217 678 1344 741 cupi·

55 749 224 795 diffime
244 749 289 794 id
306 747 501 794 facerent
520 747 630 793 odio
649 748 838 793 Macrini
858 783 870 804 ‚
893 748 966 794 vel
993 763 1177 812 propter
1200 752 1343 799 vitam

55 820 335 885 improbam,
362 819 436 864 vel
468 831 653 880 propter
681 819 1032 882 ignobilitatem,
1053 838 1154 868 cum
1182 837 1345 870 omnen

57 894 308 957 superiores
332 892 504 938 nobiles
525 891 703 939 fuiss'ent
724 895 1027 954 Imperatores.
1047 894 1215 941 lnfulfit
1232 913 1342 958 prae·

58 985 178 1021 terea
203 985 370 1015 nornen
409 968 591 1024 Severi,
623 985 723 1015 cum
761 967 880 1014 illius
914 969 1036 1015 nulla
1065 971 1344 1032 cognatione

59 1056 340 1106 tangeretur:
360 1042 477 1089 unde
502 1038 632 1101 jocus
654 1041 848 1098 exstitit,
870 1045 942 1089 Sic
963 1047 1180 1091 Macrinus
1200 1048 1253 1112 est
1269 1050 1346 1092 Se·

60 1136 176 1166 verus
195 1154 209 1176 ,
237 1121 441 1179 quomodo
470 1119 773 1163 Diadumenus
795 1122 1060 1164 Antoninus.
1086 1119 1240 1165 Statim
1276 1133 1346 1166 ta-

62 1208 164 1238 men
195 1191 248 1237 ad
277 1190 511 1236 delendum
546 1188 735 1234 militum
762 1201 963 1245 motum,
995 1188 1260 1251 stipendium
1297 1193 1348 1240 δεῖ

62 1263 320 1328 legionariis
349 1265 397 1310 &
429 1262 708 1325 praetorianis
740 1262 858 1309 dedit
885 1263 1019 1310 solito
1047 1264 1251 1324 uberius,
1274 1280 1349 1314 ut—

63 1333 171 1404 pote
202 1338 278 1402 qui
305 1350 545 1384 extenuare
574 1351 754 1399 cuperet
778 1338 1062 1399 Imperatoris
1090 1340 1226 1387 occisi
1258 1340 1349 1388 cri-

65 1431 166 1462 men
189 1410 477 1474 :profuitque
502 1410 718 1473 pecunia,
744 1425 791 1458 ut
819 1412 954 1469 solet,
984 1413 1057 1460 cui
1086 1413 1349 1461 innocentia

66 1484 270 1548 prodesse
303 1499 395 1529 non
426 1495 612 1544 poterat.
641 1483 857 1530 Retentus
878 1484 939 1528 est
969 1484 1089 1530 enim
1115 1484 1350 1546 aliquanto

67 1573 271 1620 tempore
299 1558 344 1602 in
377 1556 569 1617 imperio
604 1556 746 1601 homo
780 1556 994 1603 vitiorum
1030 1558 1251 1606 omnium.
1278 1560 1351 1607 Ad

68 1634 275 1680 Senatum
311 1629 470 1677 deinde
501 1629 648 1677 literas
679 1630 793 1676 misit
830 1631 883 1676 de
911 1644 1058 1678 morte
1093 1633 1348 1691 Antonini,

68 1705 239 1753 Divum
265 1704 391 1749 illum
415 1702 662 1763 appellans,
680 1702 979 1766 excusansque
1002 1703 1066 1759 se,
1097 1706 1144 1752 &
1172 1704 1353 1766 jurans,

69 1779 198 1842 cguod
226 1778 279 1823 de
304 1776 423 1823 caede
444 1775 557 1836 illius
588 1775 802 1822 nescierit.
829 1780 887 1823 lta
918 1776 1067 1823 sceleri
1089 1778 1167 1824 suo
1184 1810 1196 1834 ‚-
1222 1794 1352 1826 more

70 1851 308 1898 hominum
331 1849 605 1910 perditorum
622 1883 633 1904 ,
655 1847 802 1908 junxit
823 1848 1089 1911 perjurium,
1109 1867 1133 1897 a
1157 1867 1249 1914 quo
1278 1851 1352 1899 in-

71 1922 219 1985 cipere
251 1920 402 1967 decuit
430 1919 661 1965 hominem
689 1920 961 1982 improbum„

137 1997 216 2041 Vl.
253 1994 370 2039 Cum
403 1993 456 2039 ad
481 1993 689 2038 Senatum
721 1992 960 2051 scriberet,
994 1992 1172 2039 interest
1213 1992 1354 2053 scire,'

75 2067 324 2130 cujusmodi
347 2067 496 2113 oratio
516 2066 676 2123 fuerit,
698 2080 783 2130 qua
803 2067 842 2113 se
863 2066 1111 2125 excusavit,
1135 2070 1248 2116 ut&
1269 2068 1355 2115 im-

76 2141 288 2204 pudentia
323 2140 522 2187 hominis
554 2140 789 2197 noscatur,
810 2142 857 2187 &
879 2140 1183 2202 sacrilegium,
1213 2158 1236 2186 a
1261 2157 1355 2203 quo

75 2214 251 2262 initium
281 2214 427 2260 sumsit
448 2213 679 2275 improbus
704 2217 960 2275 imperator.
979 2215 1138 2276 Capita
1169 2230 1222 2259 ex
1251 2231 1356 2261 ora*-

76 2288 203 2334 tione
232 2286 423 2333 Macrini
455 2287 504 2333 &
534 2287 805 2333 Diadumeni
834 2289 1186 2347 Imperatorum.³
1222 2289 1358 2334 Vellea

80 2379 195 2416 mus,
216 2362 360 2406 Patres
390 2360 605 2419 conscripti
618 2394 630 2416 ,
650 2357 692 2405 6⁴
717 2361 916 2405 incolumi
939 2362 1164 2405 Antonino
1195 2362 1357 2427 nostro,

81 2433 124 2483 ξ’
152 2435 300 2486 teredo
333 2453 423 2482 cum
456 2435 687 2496 triumpha,
721 2433 888 2500 vestram
920 2437 1175 2479 clementiam
1210 2437 1357 2482 videm

942 2506 987 2551 O
1027 2522 1051 2551 2
