1637 2785
273 141 339 186 M.
388 137 563 185 ANT.
611 138 1179 188 PHILOSOPHUS.
1304 140 1360 203 63

85 264 187 296 cum
216 247 349 294 fratre
385 247 432 292 in
472 246 689 294 vehiculo
726 247 918 306 Lucius,
944 248 1182 311 apoplexia
1213 264 1368 296 corre-

118 335 188 368 tus
285 333 399 368 erut.

84 338 115 383 p
149 338 380 432 Xi7.pFuit
407 396 551 431 autem
582 384 862 431 consuetudo
890 386 1083 443 Marco,
1105 399 1152 432 ut
1183 386 1228 432 in
1264 387 1367 434 Cir·

85 457 279 505 censium
314 456 565 519 speclaculo
595 458 782 520 legeret,
807 457 1068 520 audiretque
1099 475 1149 504 ac
1183 458 1370 506 subscri-

85 529 236 576 beret:
263 544 318 575 ex
346 546 439 591 quo
467 529 645 591 quidem
669 535 780 590 iaepe
803 527 918 589 jocis
945 528 1235 591 popularibus
1260 530 1369 576 dici·

85 616 159 651 tur
194 603 426 651 laceffitus.
459 604 655 650 Multum
682 602 783 649 sane
822 615 1067 663 potuerunt
1106 602 1255 650 liberti
1288 606 1366 650 sub

86 678 244 725 Marco
272 678 321 724 &
345 678 496 733 Vero,
519 676 731 724 Geminas
754 677 803 723 &a
827 675 1087 739 Agaclytus.
1109 676 1267 723 Tanta:
1290 694 1369 723 au-

84 764 176 797 tem
205 747 441 796 sanftitatis
469 748 554 796 fuit
584 752 762 796 Marcus
780 784 793 807 ,
822 761 870 794 ut
899 747 1008 795 Veri
1037 747 1149 795 vitia
1176 750 1226 797 &
1255 750 1370 796 cela-

85 823 232 879 verit,
259 825 309 870 &
333 822 607 881 defenderit,
629 840 729 870 cum
757 823 798 869 ei
821 822 1200 869 vehementiffime
1219 822 1369 884 displi-

84 914 235 945 cerent
248 932 261 955 ,
279 910 602 961 mortuumque
620 913 720 944 eum
738 899 907 943 Divum
927 896 1242 959 appellaverit:
1261 888 1369 943 ami·

84 970 236 1033 tasque
259 970 352 1030 ejus
377 972 426 1017 &
456 971 632 1017 sorores
652 970 903 1016 honoribus
924 971 972 1017 &
993 969 1156 1016 salariis
1180 971 1369 1018 decretis

84 1044 388 1092 sublevaverit
404 1057 536 1107 atque
553 1044 815 1105 provexerit
834 1062 843 1090 ε
869 1043 1085 1106 sacrisque
1101 1061 1201 1091 eum
1226 1046 1369 1107 pluri-

84 1117 170 1163 mis
194 1115 503 1163 honoraverit.
531 1116 769 1162 Flaminem
794 1117 844 1162 &
873 1116 1206 1164 Antoninianos
1234 1118 1368 1164 soda-

83 1190 148 1237 les
164 1226 178 1246 ‚
193 1190 243 1238 &
269 1206 427 1236 omnes
455 1191 679 1248 honores,
700 1189 779 1253 qui
799 1190 937 1237 Divis
961 1191 1209 1250 habentur,
1226 1191 1369 1238 eidem

83 1263 327 1312 dedicavit.
362 1265 512 1310 Nemo
542 1264 601 1311 est
622 1263 878 1326 Principum
896 1300 910 1320 ,
937 1281 1069 1327 quem
1090 1280 1185 1311 non
1221 1267 1370 1329 gravis

84 1335 201 1383 fama
225 1335 512 1399 perstringam
537 1336 674 1398 usque
702 1335 844 1392 adeo,
876 1349 925 1382 ut
951 1337 1085 1383 etiam
1115 1339 1292 1385 Marcus
1321 1338 1368 1384 in

85 1408 336 1455 sermonem
360 1407 557 1466 venerit,
579 1408 704 1472 quod
722 1410 891 1454 Verum
912 1410 989 1455 vel
1013 1425 1195 1456 veneno
1216 1410 1276 1456 ita
1296 1423 1369 1456 tu-

85 1484 211 1541 lerit,
237 1499 287 1531 ut
316 1497 439 1546 parte
465 1484 597 1531 cultri
617 1501 800 1531 veneno
826 1484 902 1531 lita
928 1487 1111 1533 vulvam
1133 1487 1368 1546 inciderit,

86 1572 354 1604 venenatam
393 1571 563 1620 partem
591 1557 716 1604 fratri
746 1558 961 1604 edendam
1002 1559 1249 1621 propinans
1270 1596 1281 1613 ,
1319 1563 1368 1608 ὅ(

85 1628 167 1675 fibi
185 1629 415 1676 innoxiam
435 1631 685 1677 reservans:
705 1630 776 1676 vel
797 1643 914 1677 certe
934 1647 1009 1691 per
1023 1630 1242 1677 medicum
1258 1631 1370 1678 Posi-

87 1702 270 1763 dippum
289 1737 302 1757 ‚
320 1702 396 1764 qui
411 1702 452 1747 ei
469 1701 723 1765 sanguinem
741 1702 1053 1764 intempestive
1075 1704 1239 1752 dicitur
1258 1705 1369 1750 emi-

42 1784 50 1793 ·
87 1774 191 1820 fiffe.
217 1775 384 1822 Caffius
414 1775 514 1838 post
540 1791 733 1822 mortem
766 1777 870 1822 Veri
893 1793 917 1822 a
937 1779 1098 1824 Marco
1129 1777 1333 1824 descivit.

152 1848 277 1895 XVI.
305 1849 398 1895 Jarn
422 1848 470 1894 in
495 1848 599 1895 suos
619 1862 739 1896 tanta
761 1850 843 1896 fuit
867 1850 1141 1911 benignitate
1160 1853 1367 1908 Marcus,

86 1932 162 1978 ut,
187 1937 288 1967 cum
318 1921 363 1967 in
390 1937 547 1968 omnes
574 1922 857 1984 propinquos
887 1924 1044 1970 cuncta
1075 1924 1262 1970 honoris
1291 1941 1367 1970 or-

86 2007 292 2046 namenta
321 1995 587 2052 contulerit,
605 2009 698 2041 tum
729 1995 774 2041 in
802 1994 942 2041 filium
961 1998 1269 2043 Commodum
1285 2034 1297 2053 ,
1319 2001 1369 2046 &

87 2065 268 2127 quidem
287 2056 510 2112 scelestum
532 2081 664 2129 atque
688 2068 912 2131 impurum
927 2105 940 2124 ‚
961 2070 1055 2115 cito
1076 2086 1245 2115 nomen
1267 2072 1370 2116 Cae-

88 2136 218 2194 saris,
241 2138 292 2183 &
318 2152 427 2183 mox
460 2136 751 2184 sacerdotium
778 2175 791 2195 ‚
821 2140 1055 2202 statimque
1085 2157 1252 2186 nomen
1279 2143 1368 2188 Im-

88 2208 306 2271 peratoris
331 2225 382 2256 ac
411 2209 627 2273 triumphi
656 2213 1043 2274 participationem
1073 2215 1123 2260 δε
1152 2214 1367 2260 Consula=

87 2293 198 2328 tum.
218 2297 313 2343 quo
339 2281 517 2344 quidem
538 2296 742 2346 tempore
770 2286 857 2331 fine
884 2286 1170 2347 Imperatoris
1196 2285 1291 2332 filio
1313 2287 1368 2333 ad

89 2354 402 2417 triumphalem
434 2372 615 2403 currum
632 2349 678 2403 in
700 2358 838 2406 Circo
864 2361 996 2421 pedes
1027 2361 1239 2406 cucurrit.
1266 2362 1367 2407 Post

91 2428 200 2475 Veri
228 2428 401 2477 obitum
420 2464 436 2490 ‚
472 2433 650 2481 Marcus
679 2434 936 2482 Antoninus
967 2433 1088 2482 solus
1116 2435 1367 2498 rempubli-⁴
