1714 2807
346 160 405 209 88
535 161 958 212 TREBELLII
1005 166 1439 218 POLLIONIS

342 270 457 316 viter
497 273 780 321 movebatur.
822 274 1033 338 Denique
1069 276 1123 322 ad
1159 276 1399 323 vindietam
1439 279 1617 342 Byzan-³

340 341 509 388 tiorum
534 344 765 404 proceffit:
785 345 832 392 &
856 362 957 392 cum
975 363 1068 393 non
1090 360 1261 409 putaret
1280 348 1415 410 recipi
1436 348 1476 394 se
1495 349 1618 410 posse

343 414 478 461 muris
497 415 519 472 ‚¹
541 430 744 478 receptus
773 419 864 466 alio
897 419 994 476 die,
1014 435 1171 467 omnes
1205 420 1365 467 milites
1393 421 1580 468 inermes
1600 455 1618 477 ‚

342 504 613 536 armatorum
647 507 817 538 corona
853 493 1176 550 circumdatos,
1203 493 1451 551 interemit,
1477 493 1618 541 sraEto

342 560 513 609 foedere
529 598 542 620 ,
557 565 680 624 quod
701 566 976 626 promiserat.
997 568 1077 611 Per
1096 567 1246 612 eadem
1262 578 1462 628 tempora
1483 566 1617 612 etiam

342 634 552 697 Scythae,
590 636 634 682 in
671 637 766 684 Afia
806 638 1116 683 Romanorum
1155 637 1319 683 ducum
1361 637 1530 684 virtute
1565 652 1618 684 ae

342 705 474 753 (ludin
519 709 704 765 vastati,
743 710 796 754 ad
832 709 1012 770 propria
1053 708 1333 756 recesserunt.
1374 708 1618 755 Interfeffis

342 778 442 826 sane
483 781 697 827 militibus
739 783 854 844 apud
895 783 1155 845 Byzantium
1179 818 1193 840 ,
1228 781 1458 829 Gallienus
1495 781 1618 844 quafi

342 870 552 916 magnum
599 856 766 918 aliquid
805 855 985 919 geffiffet
1009 892 1022 912 ‚
1061 858 1252 902 Romam
1289 855 1416 901 cursu
1461 856 1620 918 rapido

345 929 645 984 convolavit,
669 930 1025 991 convocatisque
1057 931 1283 987 Patribus,
1305 930 1516 977 decennia
1542 946 1619 976 ce·
1661 968 1664 973 ,

345 999 563 1056 lebravit‚
590 1018 718 1047 novo
742 1018 902 1065 genere
921 1002 1127 1048 ludorum
1144 1037 1156 1056 ‚
1177 1018 1299 1049 nova
1330 1002 1473 1065 specie
1490 1013 1625 1066 pont‘

345 1089 503 1136 parum
521 1110 534 1132 ,
562 1075 780 1137 exquisito
805 1092 963 1139 genere
988 1077 1285 1135 voluptatum.

411 1148 524 1192 V111.
549 1148 640 1193 Jam
663 1147 855 1210 primum
869 1149 1011 1206 ‚inter
1033 1161 1208 1212 togatos
1225 1149 1371 1194 Patres
1385 1183 1399 1204 ,
1419 1148 1471 1195 &
1487 1156 1622 1210 eque-³

345 1217 474 1264 strem
510 1219 740 1277 ordinem,
770 1220 940 1267 albatos
977 1222 1168 1279 milites,
1203 1223 1250 1269 &
1286 1221 1411 1267 omni
1446 1221 1622 1283 populo.

345 1307 597 1353 praeeunte,
630 1293 767 1341 servis
793 1297 923 1343 etiam
955 1313 1097 1358 prope
1127 1297 1354 1355 omnium,
1386 1298 1434 1343 &
1459 1296 1623 1343 mulie·-

346 1363 466 1409 ribus
490 1400 502 1420 ,
528 1382 629 1411 cum
653 1367 789 1414 cereis
810 1367 974 1415 facibus
996 1371 1043 1415 δε
1069 1369 1343 1429 lampadibus
1365 1369 1623 1429 praeceden-

345 1435 484 1494 tibus,
509 1438 785 1497 Capitolium
814 1439 954 1501 petiit.
977 1441 1285 1487 processerunt
1310 1441 1440 1487 etiam
1465 1441 1624 1487 altrin-

347 1506 469 1553 secus
506 1512 683 1556 centeni
715 1512 801 1557 albi
835 1513 1006 1570 boves,
1047 1513 1258 1560 cornibus
1292 1530 1403 1560 auro
1441 1513 1623 1578 jugatis,

345 1579 396 1626 ὅ(
440 1581 715 1629 dorsualibus
759 1584 904 1631 sericis
945 1583 1243 1632 discoloribus
1286 1585 1625 1649 praefulgentes:

344 1668 471 1714 agnae
502 1655 739 1702 candentes
766 1656 820 1702 ab
849 1670 1033 1720 utraque
1061 1670 1181 1719 parte
1212 1658 1412 1706 ducentae
1442 1658 1624 1719 praeces-

347 1726 521 1784 serunt,
542 1729 589 1774 δι
613 1729 765 1774 decem
794 1729 1041 1790 elephanti,
1067 1729 1143 1791 qui
1160 1742 1266 1776 tunc
1291 1742 1414 1776 erant
1436 1731 1624 1786 Romae;

347 1799 468 1847 mille
504 1800 680 1847 ducenti
713 1802 979 1865 gladiatores
1018 1802 1284 1864 pompaliter
1319 1802 1489 1854 ornati,
1514 1818 1624 1866 ⁴cum

348 1872 511 1917 auratis
526 1873 717 1919 vestibus
738 1887 1040 1920 matronarum
1059 1889 1073 1928 ;
1092 1872 1324 1919 mansuetae
1344 1872 1446 1918 ferae
1462 1872 1624 1919 diversi

348 1943 524 2006 generis
543 1945 769 2002 ducentae,
783 1960 946 1992 ornatu
965 1944 1298 2008 quammaximo
1318 1944 1507 1998 affe&ae;
1526 1961 1626 1991 car-

349 2027 482 2077 penta
517 2033 616 2062 cum
643 2017 788 2063 mimis
817 2019 865 2064 &
890 2016 1014 2065 omni
1040 2032 1198 2080 genere
1225 2016 1522 2070 histrionum3
1545 2033 1626 2077 pu-

352 2086 462 2150 giles
497 2087 704 2147 sacculis,
743 2106 834 2135 non
875 2089 1063 2135 veritate
1097 2088 1355 2151 pugilanteS.
1388 2088 1626 2151 Cyclopea

350 2159 481 2205 etiam
501 2160 692 2208 luserunt
712 2178 867 2208 omnes
889 2161 1081 2224 apenarii
1099 2197 1112 2216 ‚
1137 2161 1195 2207 ita
1221 2174 1267 2207 ut
1288 2161 1486 2207 miranda
1506 2176 1627 2222 quae-

351 2233 449 2279 darn
467 2236 513 2281 ὅ(
534 2234 743 2297 stupenda
761 2235 1072 2283 monstrarent.
1088 2236 1257 2281 Omnes
1277 2233 1510 2298 viae-ludis,
1523 2232 1625 2278 stre·

351 2305 535 2367 pituque
552 2343 562 2361 ,
579 2308 625 2353 &
646 2307 866 2369 plausibus
885 2306 1194 2369 personabant.
1219 2306 1308 2365 ipse
1330 2305 1500 2351 medius
1523 2320 1625 2351 cum

350 2379 466 2439 pieta
492 2393 593 2441 toga
624 2381 672 2426 &
701 2380 849 2426 tunica
875 2380 1062 2441 palmata
1090 2379 1205 2425 inter
1230 2380 1403 2435 Patres,
1435 2376 1627 2422 ut'dixi-

349 2466 473 2511 mus,
511 2452 722 2500 omnibus
759 2451 1061 2501 sacerdotibus
1101 2451 1404 2516 praetextatis,
1439 2448 1626 2512 Capito-
