1714 2807
759 163 1223 211 INDEX.

365 269 454 311 186.
475 269 624 309 Claudii
648 281 766 320 nepos
786 283 806 308 2
821 299 832 317 ,
852 280 937 321 145.
952 268 1070 306 divini
1082 267 1226 317 generis
1246 266 1302 304 vir
1328 263 1465 305 dicitur
1480 295 1493 312 ,
1509 278 1620 316 quare

361 325 446 363 ibid.
476 324 552 362 dux
578 323 644 362 sub
669 323 791 363 Probo
825 336 870 369 2,
896 334 981 373 225.
1006 322 1088 370 ejus
1111 329 1283 371 parentes
1313 334 1360 368 2,
1386 319 1469 369 148.

417 377 641 416 Constitutio
666 377 753 416 Divi
777 375 958 416 Hadriani
983 375 1030 414 de
1049 374 1226 415 Tribunis
1253 389 1295 419 2,
1320 387 1407 414 220.
1438 373 1557 413 Marci
1575 373 1623 412 de

365 430 589 480 Originibus
629 444 668 477 1,
694 430 752 480 58.
780 429 900 470 Marci
925 429 973 468 de
1003 429 1190 468 mensariis
1213 430 1244 467 ἃ
1270 428 1510 467 auctionibus
1538 428 1622 467 ibid.

364 485 548 525 marcide
567 483 792 534 professiune
815 483 1019 522 liberorum
1042 497 1072 531 ι,
1096 496 1152 537 57.
1166 482 1308 530 Marci,
1324 493 1364 520 ut
1389 484 1435 521 de
1451 481 1543 520 statu
1561 476 1626 520 de-

367 539 587 578 functorum
615 539 710 577 intra
738 538 1036 590 quinquennium
1070 547 1253 585 quaeratur
1279 550 1320 583 1,
1349 535 1407 587 58.
1432 535 1550 575 Marci
1578 535 1627 573 de

368 592 604 631 curatoribus
639 605 670 638 ι,
690 604 747 646 59.
777 592 896 631 Marci
931 592 977 629 de
997 590 1121 629 tutelis
1147 590 1369 628 libertorum
1391 590 1475 628 ibid.
1506 589 1624 628 Marci

364 647 414 686 de
441 645 733 686 succellionibus
765 644 927 684 filiorum
959 657 1028 694 pro
1066 655 1172 693 parte
1205 655 1371 682 materna
1397 645 1477 682 ibid.
1505 643 1627 682 marci

366 700 416 740 de
438 700 547 739 bonis
575 699 751 738 maternis
771 701 853 737 ibid.
877 698 996 737 Marci
1012 697 1058 734 de
1081 697 1253 736 vicesima
1269 696 1519 735 hereditatum
1540 697 1624 734 ibid.

364 755 649 794 Antoninorum
678 754 725 791 de
754 751 978 801 sepeliendis
1007 751 1165 789 mortuis
1191 765 1204 789 1
1225 780 1237 798 ,
1265 751 1326 790 61.
1352 749 1552 789 Pertinacis
1581 750 1629 788 de

365 807 591 847 testamento
621 816 730 856 rupto
759 818 826 856 per
849 805 1028 855 posterius
1055 804 1318 843 testamentum
1339 817 1381 851 1,
1412 817 1493 850 124.
1523 802 1630 841 Alex-

367 862 476 900 andri
513 862 559 900 de
593 859 708 898 usuris
739 873 782 909 1,
809 872 896 912 275.
931 859 1082 905 Taciti,
1119 868 1159 896 ut
1193 858 1284 897 servi
1313 859 1351 895 iu
1386 857 1631 896 dominorum

369 915 493 966 cupita
511 945 521 959 ,
549 926 596 952 ne
627 913 780 963 quidem
812 914 852 951 in
876 913 991 953 caulis
1017 912 1215 962 majestatis
1240 915 1557 962 interrogarentur
1581 925 1601 950 2
1617 939 1630 960 ‚

371 969 461 1023 198.
490 967 615 1008 Taciti
645 968 693 1005 de
718 967 902 1005 mixtione
931 965 1173 1006 metallorum
1206 967 1287 1006 ibid.

423 1021 728 1062 Contubernium
751 1021 1002 1070 imperatoria»
1024 1020 1223 1070 majestatis
1253 1034 1267 1059 1
1282 1051 1295 1068 ,
1322 1033 1379 1060 10.

423 1077 678 1116 Convivarum
713 1087 891 1113 numerus
927 1088 968 1121 ι,
999 1073 1061 1113 81.

425 1130 653 1170 Conviviun:
675 1129 959 1179 imperatorium
993 1144 1003 1166 ι
1025 1159 1035 1176 ,
1064 1141 1148 1180 143.
1171 1127 1356 1168 Hadriani
1385 1141 1426 1175 ι,
1460 1142 1522 1179 27.
1543 1127 1630 1167 Veri

373 1184 578 1226 duodecim
606 1183 850 1222 convivarum
878 1196 920 1229 ι,
946 1181 1010 1225 81.,
1029 1183 1204 1221 convivio
1226 1182 1468 1231 imperatorio
1497 1183 1632 1221 modus

373 1239 601 1279 constitutus
628 1251 660 1285 1,
689 1236 772 1276 126.
799 1237 970 1275 convivia
994 1236 1193 1276 Pertinacis
1219 1249 1328 1287 parca
1353 1250 1367 1275 1
1385 1267 1396 1283 ‚
1424 1250 1507 1290 129.
1530 1236 1633 1276 Getae

372 1293 558 1335 Antonini
587 1307 601 1332 1
621 1321 632 1340 ,
653 1306 738 1339 204.
760 1290 996 1340 Heliogabali
1023 1304 1037 1329 1
1055 1321 1066 1340 ‚
1091 1306 1178 1339 244.
1193 1291 1411 1338 imaginaria
1433 1305 1470 1339 1,
1493 1290 1631 1343 248fi1.

429 1346 652 1388 Consulatus
678 1346 860 1386 Hadriani
883 1346 913 1385 1.
940 1359 954 1384 1
974 1375 987 1395 ,
1013 1358 1044 1399 5.
1065 1344 1110 1387 11.
1131 1358 1165 1394 1,
1186 1346 1223 1385 6.
1248 1344 1468 1385 Consulatus
1485 1344 1634 1385 secundi

373 1404 414 1443 δῖ.
437 1402 537 1442 tertii
561 1401 684 1439 honor
711 1414 724 1439 1
741 1429 753 1448 ,
776 1414 833 1439 10.

428 1455 610 1496 Consules
651 1455 830 1493 ordinarii
861 1452 1023 1495 censurae
1068 1466 1145 1492 non
1185 1451 1268 1492 sunt
1303 1452 1458 1501 subjecti
1495 1468 1543 1500 2,
1572 1452 1637 1504 78.
1670 1450 1672 1452 ’

373 1513 489 1550 unius
520 1512 608 1548 anni
634 1510 745 1548 241·ss
776 1509 928 1547 fuerunt.
952 1521 966 1545 1
985 1521 1111 1558 ‚·107.
1139 1505 1291 1546 Consuli
1321 1518 1445 1545 creato
1474 1507 1638 1557 Impera-

372 1573 435 1604 tor
465 1564 583 1604 fasces
613 1566 647 1602 ἃ
672 1563 874 1613 scipionem
908 1562 999 1601 dare
1030 1574 1107 1600 non
1140 1560 1281 1611 potest,
1307 1559 1368 1599 sed
1408 1562 1565 1601 Senatus
1590 1576 1638 1609 2,

375 1619 465 1672 165.
492 1619 530 1656 in
563 1616 765 1657 Consulem
797 1615 857 1655 sex
895 1615 1070 1655 horarum
1110 1615 1218 1663 jocus
1254 1614 1445 1653 Ciceronis
1477 1629 1522 1662 2,
1556 1628 1640 1663 ¹07·

375 1671 605 1714 Consulibus
638 1671 865 1720 pauperibus
893 1671 940 1709 de
975 1669 1131 1719 publico
1175 1668 1317 1707 sumtus
1351 1669 1507 1718 praestari
1539 1667 1639 1708 soliti
1700 1670 1703 1673 ’

369 1740 428 1775 2,
455 1727 522 1766 161
543 1728 599 1779 sq.
633 1724 813 1764 Consules
841 1725 1004 1765 Suranus
1032 1723 1078 1762 ll.
1109 1723 1306 1763 Servianus
1337 1723 1381 1762 ll.
1407 1737 1450 1773 1,
1473 1736 1505 1774 5.
1539 1723 1639 1773 Aper

375 1783 412 1820 δε
437 1779 555 1819 Pollio
588 1793 603 1818 1
620 1809 631 1828 ‚
663 1793 748 1818 102.
782 1778 1064 1826 11¹1.‚Julianus
1091 1779 1127 1817 δε
1151 1776 1232 1816 Piso
1267 1790 1279 1814 1
1298 1806 1309 1824 ‚
1347 1790 1428 1816 111.
1453 1776 1581 1817 Clarus
1604 1778 1642 1816 6:

372 1833 490 1874 Falco
516 1849 531 1873 1
551 1863 562 1881 ‚
585 1846 670 1886 131.
703 1833 821 1871 verus
836 1835 869 1872 ὁὶ·
889 1831 1045 1872 Bibulus
1065 1832 1149 1869 ibid.
1177 1832 1334 1871 Severus
1354 1844 1440 1869 cum
1468 1830 1546 1870 filio
1566 1833 1642 1870 An·

373 1889 509 1927 tonino
543 1901 584 1934 ι,
618 1887 703 1939 156.
735 1886 890 1926 Erucius
927 1886 1055 1926 Clarus
1090 1897 1176 1923 cum
1212 1886 1348 1924 Severo
1385 1899 1430 1932 1,
1470 1899 1552 1934 142.
1579 1886 1640 1924 At-

373 1943 475 1981 ticus
506 1942 540 1980 ἃ
572 1939 814 1980 Praetextatus
840 1955 887 1986 2,
915 1953 974 1993 52.
1003 1940 1181 1987 aprianus
1202 1940 1236 1978 ἃ
1261 1939 1378 1989 Papus
1399 1953 1418 1977 2
1435 1970 1448 1987 ,
1478 1954 1534 1991 54.
1559 1938 1645 1978 Gal-

375 1996 501 2035 lienus
528 1997 562 2034 &
586 1993 782 2033 Faustinus
813 2009 859 2044 2,
882 1993 945 2035 86.
972 1994 1096 2033 Bassus
1127 1997 1161 2032 ἃ
1182 1992 1319 2032 Fuscus
1350 2007 1393 2039 2,
1433 2006 1515 2043 109.
1547 1993 1641 2032 Atti-

378 2052 510 2089 cianus
534 2050 569 2088 ὃ(
591 2048 773 2097 Orphitos
797 2063 842 2096 2,
866 2049 948 2096 146.
974 2047 1178 2091 Consulum
1204 2049 1300 2085 ordo
1320 2048 1359 2084 in
1384 2047 1496 2086 Fastis
1523 2060 1556 2094 1,
1579 2059 1637 2098 34.

432 2103 552 2152 Copia
579 2103 751 2140 omnium
779 2114 902 2140 rerum
929 2101 1049 2142 malos
1084 2102 1271 2150 Principes
1300 2100 1389 2140 facit
1414 2115 1435 2140 2
1452 2131 1463 2150 ‚
1491 2100 1574 2154 185.

431 2156 578 2206 Coptos
604 2155 691 2194 urbs
713 2155 869 2195 aProbo
893 2165 1000 2205 capta
1033 2171 1053 2195 2
1069 2185 1079 2203 ,
1105 2168 1189 2194 221.

431 2210 507 2249 Cor
533 2211 572 2248 in
595 2208 714 2248 hostia
735 2223 809 2247 non
838 2219 1025 2258 repertum
1044 2241 1054 2258 ,
1080 2208 1222 2247 malum
1249 2219 1365 2247 omen
1385 2221 1400 2246 1
1423 2237 1435 2256 ,
1462 2220 1548 2260 127.

430 2263 549 2305 AElius
569 2263 716 2303 Cordus
745 2263 899 2313 scriptor
926 2277 969 2311 1,
997 2262 1082 2303 180.
1110 2277 1152 2310 2,
1179 2276 1236 2301 12.

431 2316 625 2358 Corinthii
657 2332 702 2365 2,
728 2331 813 2370 205.

432 2370 638 2411 Corinthus
668 2385 682 2408 1
700 2403 710 2416 ‚
730 2371 790 2409 82.

429 2424 628 2464 Cornelius
651 2424 865 2464 vinorinus
890 2424 1093 2474 praefeetus
1126 2423 1289 2475 praetorii
1325 2436 1365 2473 1,
1393 2435 1456 2471 44.

429 2478 628 2521 Cornelius
654 2478 794 2519 fronto
821 2492 838 2519 1
859 2511 872 2530 ,
891 2479 957 2532 78.
