1714 2807
345 176 433 222 104
564 160 961 208 TREBELLII
1011 159 1426 211 POLLIONIS

335 273 517 332 gentium
554 272 743 329 reperiri,
769 271 842 330 qui
872 270 991 331 pcffit
1014 272 1178 331 pem'tus
1207 273 1438 332 approbari.
1474 273 1621 329 Hujus

327 345 449 402 filio,
481 343 695 406 Postumio
721 342 915 400 nomine,
941 345 1195 389 tribunatum
1229 347 1520 391 Vocontiorum
1547 349 1620 391 de-

339 417 412 472 di,
441 417 688 477 adolescenti
700 450 713 473 ,
743 417 815 476 qui
826 416 876 477 fi
899 420 1068 480 dignum
1084 421 1219 479 patris
1238 421 1420 465 moribus
1445 421 1589 467 reddet.

342 574 559 648 *111.
628 579 778 636 DE
849 581 1555 641 POSTUMIO

718 689 1256 747 JUNIORE.

335 880 414 926 IV.
435 843 560 929 DE
591 879 683 928 hoc
722 881 866 943 prope
896 879 1006 927 nihil
1042 880 1130 938 est,
1164 881 1288 944 quod
1318 880 1516 938 dicatur,
1542 881 1619 928 nifi

331 954 459 1015 quod
489 971 512 1000 a
540 967 661 1015 patre
691 954 938 1016 appellatus
962 953 1023 1001 est
1050 954 1232 1012 Caesar,
1261 971 1312 1002 ac
1342 954 1550 1016 deinceps
1574 955 1620 1001 in

333 1025 428 1087 ejus
462 1028 639 1073 honore
665 1028 883 1090 Augustus
913 1045 1018 1076 cum
1058 1042 1179 1091 patre
1216 1027 1379 1076 dicitur
1409 1029 1618 1077 interem-

332 1113 435 1158 tus,
472 1116 574 1149 cum
609 1100 841 1148 Lollianus
874 1100 922 1146 in
962 1099 1114 1148 locum
1153 1099 1371 1150 Postumii
1405 1096 1618 1163 subroga-

333 1186 430 1232 rus,
462 1174 658 1222 delatum
686 1175 764 1223 fibi
791 1193 813 1222 a
838 1175 984 1222 Gallis
1007 1174 1211 1221 sumsisset
1239 1174 1491 1237 imperium.
1524 1174 1622 1221 Fuit

329 1258 480 1292 autem
508 1247 664 1308 (quod
697 1247 839 1293 solum
867 1260 1114 1293 memoratu
1145 1246 1326 1309 <lignum
1367 1245 1463 1312 est)
1492 1249 1551 1292 ita
1574 1247 1621 1298 in

330 1318 738 1366 declamationibus
784 1318 968 1366 disertus
995 1355 1008 1376 ‚
1060 1332 1106 1366 ut
1153 1319 1246 1378 ejus
1297 1319 1620 1366 controversia:

332 1390 648 1449 Quinffiliano
674 1392 881 1439 dicantur
901 1392 1099 1456 insertae3
1121 1409 1254 1454 quem
1275 1392 1620 1438 declamatorem

329 1461 530 1508 Romani
555 1463 729 1526 generis
758 1464 1172 1521 acutiffimum,vel
1201 1464 1335 1511 unius
1373 1463 1530 1527 capitis
1560 1463 1620 1511 le·

333 1534 455 1593 etio,
488 1536 627 1599 prima
653 1534 796 1582 statim
829 1534 980 1583 fronte
1014 1535 1304 1584 demonstrat.

374 1690 794 1752 ,1v‚DE
857 1677 1493 1753 LOLLIANO.

335 1888 393 1933 V.
436 1848 658 1935 HUJUS
701 1887 946 1935 rebellione
986 1887 1033 1934 in
1062 1887 1207 1936 Gallia
1239 1886 1513 1944 Postumius,
1548 1887 1622 1934 vir

334 1959 541 2005 omnium
567 1959 849 2018 fortissimus,
873 1961 1132 2008 interemtus
1152 1961 1237 2017 est,
1261 1979 1362 2008 curu
1380 1997 1392 2018 ,
1412 1960 1499 2022 jam
1530 1978 1618 2006 nu-

334 2045 457 2078 tante
495 2031 690 2078 Gallieni
723 2031 923 2090 luxuria,
952 2032 997 2078 in
1034 2046 1232 2080 veterem
1264 2032 1419 2079 statum
1450 2033 1619 2080 Roma·

332 2125 445 2153 mim
473 2105 742 2152 reformasset
774 2106 1024 2167 imperium.
1056 2106 1153 2152 Fuit
1182 2106 1362 2167 quidem
1388 2105 1518 2151 eriam
1541 2104 1621 2151 iste

334 2181 623 2235 fortissimus,
663 2179 733 2226 sed
763 2178 1021 2226 rebellionis
1050 2178 1212 2224 intuitu
1244 2178 1464 2224 minorem
1502 2174 1619 2238 apud

332 2255 491 2302 Gallos
518 2255 826 2301 aneloritatem
865 2253 918 2298 de
951 2251 1034 2297 suis
1078 2252 1246 2298 viribus
1279 2250 1437 2297 tenuit.
1475 2253 1614 2296 luter—

333 2341 477 2377 emtus
509 2341 656 2375 autem
691 2328 752 2374 est
786 2344 808 2373 a
839 2325 1113 2384 Vielorino,
1136 2327 1382 2373 Vifloriuae
1431 2325 1502 2372 vel
1535 2323 1618 2370 Vi·

335 2401 488 2448 &oriae
514 2400 636 2457 filio,
658 2417 758 2462 quae
782 2398 929 2462 postea
955 2411 1090 2444 mater
1119 2398 1364 2444 castrorum
1400 2395 1617 2459 appellata

335 2473 425 2534 est,
455 2475 501 2522 δέ
533 2472 738 2538 Augustae
763 2471 949 2519 nomine
986 2470 1137 2519 affeEia
1158 2506 1170 2524 ‚
1201 2487 1300 2518 cum
1339 2468 1430 2532 ipsa
1465 2484 1543 2533 per
1575 2467 1619 2515 se
