1637 2785
301 157 795 206 ALEXANDER
831 158 1181 206 SEVERUS.
1297 174 1389 221 307

106 265 201 329 ipse
229 267 425 329 optimus
450 266 556 321 fuit;
577 283 676 312 nam
697 267 787 313 hoc
805 282 940 313 nemo
956 267 1084 324 vult,
1108 266 1186 313 nisi
1212 267 1358 315 bonus
1374 286 1388 314 :

108 341 159 388 &
183 340 367 401 optimae
392 338 542 384 matris
575 337 772 385 consiliis
805 338 902 384 usus
932 339 1005 386 est.
1027 357 1076 387 ac
1106 352 1252 387 tamen
1281 341 1389 387 ami-

109 429 191 460 cos
230 411 399 458 sanfios
438 414 486 458 &
523 411 800 457 venerabiles
838 411 988 457 habuit
1011 447 1024 469 ,
1060 429 1153 458 non
1192 413 1389 460 malitio-

110 485 207 540 sos,
228 499 320 529 non
351 483 549 540 furaces,
571 500 664 528 non
685 483 920 542 factiosos,
943 499 1036 530 non
1060 485 1270 541 callidos,
1293 502 1389 533 non

109 558 163 604 ad
195 557 360 603 malum
388 556 748 614 consentientes,
771 572 863 602 non
895 556 1119 603 bonorum
1143 557 1352 605 inimicos
1372 595 1387 616 ,

108 646 204 676 non
235 628 530 685 libidinosos,
553 646 644 676 non
675 629 899 687 crudeles,
930 646 1021 676 non
1049 630 1388 678 circumvento-

108 718 177 749 res
206 702 294 757 sui,
316 719 408 748 non
443 702 642 749 irrisores
661 739 674 761 ‚
707 719 800 749 non
826 703 904 766 qui
931 703 1052 750 illum
1078 704 1197 767 quali
1217 704 1387 752 fatuum

110 774 527 831 circumducerent3
557 776 627 823 sed
669 777 837 824 saucios
859 813 871 833 ‚
904 778 1209 835 venerabiles,
1238 778 1389 825 conti-

112 861 290 905 nentes,
314 849 577 912 religiosos,
605 864 799 897 amantes
819 850 1035 912 Principis
1059 851 1119 897 sui
1137 887 1149 908 ‚
1173 854 1220 898 &
1239 850 1388 914 quide

109 921 192 968 illo
221 939 304 969 nec
331 922 409 985 ipfi
442 924 674 980 riderent,
710 942 792 972 nec
825 924 930 971 risui
965 925 1046 971 effe
1075 925 1272 980 vellent,
1309 924 1387 986 qui

112 994 225 1040 nibil
248 996 525 1054 venderent,
548 995 655 1042 nihil
673 997 993 1054 mentirentur,
1013 996 1121 1043 nihil
1141 996 1388 1059 fingerent,

111 1083 335 1128 nunquam
366 1067 621 1130 deciperent
650 1069 1018 1116 existimationem
1051 1070 1269 1133 Principis
1298 1070 1388 1127 sui,

110 1139 184 1185 sed
212 1154 418 1189 amarent.
452 1143 550 1189 Huc
588 1143 786 1199 accedit,
812 1144 934 1205 quod
965 1145 1197 1190 eunuchos
1221 1160 1300 1190 nec
1339 1144 1386 1189 in

111 1213 335 1269 confinis,
358 1230 440 1260 nec
461 1214 507 1260 in
534 1214 781 1262 ministeriis
809 1215 987 1273 habuit,
1005 1215 1080 1277 qui
1103 1215 1183 1261 soli
1210 1216 1385 1262 Princi-
1439 1242 1442 1245 ·

109 1301 189 1348 pes
218 1288 440 1348 perdunt,
472 1288 574 1334 <lum
611 1305 688 1335 eos
719 1305 845 1335 more
875 1290 1096 1351 gentium,
1123 1301 1196 1335 aut
1231 1305 1385 1352 regum

111 1359 338 1405 Persarum
371 1359 536 1407 volunt
573 1360 756 1408 vivere:
790 1360 866 1424 qui
899 1378 921 1407 a
947 1360 1119 1422 populo
1152 1362 1198 1407 ὅ(
1235 1361 1387 1407 amicis

111 1431 363 1494 Principem
384 1433 686 1481 submovent:
713 1433 788 1497 qui
811 1434 1073 1480 internuntii
1093 1434 1216 1492 sunt,
1240 1434 1387 1493 aliud,

112 1522 244 1568 quam
265 1506 573 1567 respondetur,
592 1507 701 1570 saepe
722 1506 1243 1563 referentes‚claudentes
1259 1507 1385 1552 Prin·

113 1578 258 1639 cipem
288 1578 437 1634 suum,
458 1580 508 1626 ὅ(
531 1593 709 1642 agentes
737 1592 837 1625 ante
864 1579 1039 1636 omnia,
1069 1596 1123 1626 ne
1141 1578 1247 1642 quid
1269 1579 1386 1628 sciat.

112 1651 190 1714 qui
219 1668 319 1698 cum
353 1651 458 1698 emti
487 1652 597 1706 sint,
620 1654 668 1699 ὅ(
698 1652 826 1713 pravi
852 1651 1044 1710 fuerint,
1064 1653 1171 1714 quid
1205 1654 1383 1700 tandem

112 1723 295 1787 poffunt
324 1723 434 1770 boni
460 1724 641 1785 sapere?
666 1725 767 1770 Erat
795 1724 984 1786 denique
1010 1723 1100 1783 ejus
1132 1723 1263 1784 ipsius
1286 1723 1383 1771 sen.-

113 1797 280 1844 tentia:
308 1802 402 1860 Ego
419 1802 466 1844 de
486 1800 787 1858 Praefeflorum,
808 1796 849 1844 δ’
873 1799 1093 1858 Consulum
1110 1832 1122 1854 ‚
1141 1795 1183 1843 G
1204 1801 1384 1844 Senato-

114 1889 204 1919 rum
237 1874 460 1932 capitibus,
480 1876 689 1933 mancipia
708 1890 779 1917 aere
801 1888 907 1917 emta
925 1873 1110 1928 judicare
1129 1890 1213 1917 nou
1226 1876 1384 1933 patiar.

180 1945 364 1990 LXVII.
390 1943 519 2000 Scio,
544 1948 789 2006 imperator
809 1943 1126 2001 Constantine,
1146 1960 1239 2007 quo
1267 1944 1384 2005 peri-

115 2018 223 2066 culo
254 2016 326 2062 ista
354 2016 558 2064 dicantur
586 2018 701 2080 apud
731 2020 1074 2079 Imperatorem,
1102 2016 1180 2078 qui
1224 2016 1384 2063 talibus

116 2087 296 2145 serviit,
312 2088 384 2135 sed
398 2089 516 2136 salva
535 2090 787 2152 republica,
810 2089 1087 2151 posteaquam
1113 2088 1384 2147 intellexisti,

116 2163 227 2225 quid
254 2162 354 2209 mali
380 2163 522 2210 clades
555 2163 646 2210 ista:
683 2164 900 2219 babeant,
930 2164 978 2209 &
1013 2163 1384 2224 quemadmodum

116 2233 344 2295 Principes
371 2233 759 2292 circumveniant,
784 2235 831 2281 &
852 2246 898 2279 tu
931 2249 1009 2279 eos
1034 2250 1087 2280 eo
1119 2233 1207 2280 loci
1229 2234 1385 2289 habes,

115 2319 166 2354 ut
189 2322 271 2352 nec
291 2296 527 2368 chlamyde
552 2306 617 2352 uti
645 2305 839 2365 jufferis,
865 2304 933 2351 sed
961 2304 1280 2351 neceffitatibus
1302 2306 1385 2352 do-

117 2378 310 2428 mesticis
344 2378 566 2442 delegatis.
597 2382 687 2426 ,lam
720 2379 828 2425 illud
861 2378 1055 2441 infigne,
1083 2379 1206 2440 quod
1243 2377 1385 2425 solum

117 2452 235 2500 intra
273 2449 514 2508 Palatium,
547 2464 707 2514 praeter
740 2450 994 2497 Praefeerum
1014 2485 1027 2506 ‚
1061 2451 1109 2496 &
1139 2450 1386 2513 Ulpianum

119 2525 298 2591 quidem
313 2560 327 2586 ,
349 2525 570 2574 neminem
591 2525 726 2576 vidit:
746 2541 827 2574 nec
848 2525 967 2572 dedit
984 2523 1112 2570 alicui
1133 2523 1385 2573 facultatem

970 2601 1012 2651 V
1053 2614 1076 2645 2
