1637 2785
373 166 1007 215 HADRIANUS.
1275 181 1329 227 23

59 289 154 321 ram
182 270 398 320 exercitus
430 273 640 331 nimiam,
669 274 859 319 multum
891 285 1059 320 amatus
1094 270 1184 329 est,
1209 271 1335 318 simul

61 345 184 408 quod
209 345 254 392 in
283 361 361 392 eos
389 345 707 392 liberaliflimus
734 344 836 394 fuit.
865 345 1049 392 Parthos
1070 345 1116 392 in
1142 345 1335 392 amicitia

61 416 226 478 semper
262 416 449 473 habuit;
482 418 606 481 quod
642 418 746 464 inde
777 434 923 480 regem
953 418 1169 474 retraxit,
1202 434 1335 481 quem

59 489 273 548 Traianus
299 489 584 553 imposuerat.
617 491 841 538 Armeniis
864 508 1010 553 regem
1038 491 1196 537 habere
1233 508 1337 551 per-

57 561 172 607 misit
187 595 201 618 ,
220 578 323 608 cum
354 562 432 609 sub
454 562 652 623 Trajano
673 563 865 625 legatum
891 562 1153 608 habuissent.
1174 565 1211 607 A
1241 564 1335 608 Me-

59 634 319 695 sopotamiis
339 651 434 681 non
450 635 597 701 exegit
610 635 845 694 tributum,
870 635 994 697 quod
1017 632 1233 694 Traianus
1255 634 1336 678 im·

59 705 221 767 posuit.
257 707 456 754 Albanos
497 710 547 757 &
583 708 778 754 Hiberos
819 705 1103 753 amicissimos
1137 704 1289 751 habuit
1321 738 1336 762 ,

59 778 183 841 quod
223 795 343 842 reges
382 797 539 828 eorum
582 780 896 845 largitionibus
938 779 1198 841 prosecutus
1240 777 1299 823 est
1323 811 1338 834 ,

58 867 160 898 cum
198 853 251 898 ad
274 853 399 900 illurn
422 855 575 902 venire
603 853 942 902 contemsissem.
976 853 1122 915 Reges
1148 850 1336 897 Baelria·

57 939 222 970 norum
239 960 252 982 ,
276 926 447 989 legatos
465 928 519 974 ad
538 944 640 975 eum
655 963 669 987 ,
690 927 900 975 amicitiae
934 926 1135 990 petendae
1169 923 1294 972 causa
1320 959 1336 981 ,

57 994 277 1057 supplices
304 999 532 1047 miserunt.

124 1069 270 1116 XXII.
303 1071 502 1119 Tutores
527 1072 754 1134 saepiffime
781 1074 913 1121 dedit.
947 1071 1245 1135 Disciplinam
1275 1070 1337 1117 ci-

60 1141 196 1204 vilem
216 1160 309 1190 non
338 1146 460 1192 alitet
480 1147 648 1205 tenuit,
670 1165 803 1211 quam
831 1148 1082 1194 militarem.
1100 1147 1336 1191 Senatores

38 1250 41 1254 .
61 1214 111 1259 δι
132 1214 301 1278 equites
320 1217 554 1265 Romanos
583 1218 753 1282 semper
781 1221 827 1265 in
849 1219 1033 1281 publico
1053 1230 1232 1280 togatos
1253 1216 1337 1263 effe

57 1285 199 1347 justit,
222 1289 299 1335 nisi
315 1290 344 1336 st
366 1307 387 1337 a
403 1308 532 1338 coena
551 1305 896 1340 reverterentur.
925 1292 1043 1354 Ipse,
1059 1308 1160 1338 cum
1180 1290 1226 1336 in
1246 1291 1334 1335 Ita-

58 1360 117 1406 lia
147 1361 277 1420 effet,
309 1362 478 1426 semper
506 1378 685 1429 togatus
713 1366 936 1428 processit.
961 1366 1030 1412 Ad
1064 1363 1335 1412 convivium

58 1435 290 1483 venientes
320 1437 546 1486 senatores
578 1440 690 1487 stans
720 1440 929 1502 excepit:
965 1439 1226 1500 semperque
1261 1447 1337 1482 aut

57 1508 198 1571 pallio
217 1511 357 1558 tesius
387 1512 634 1573 discubuit,
654 1527 728 1561 aut
746 1527 853 1576 toga
883 1511 1099 1559 submissa.
1133 1509 1336 1557 judicum

61 1581 229 1629 sumtus
253 1584 510 1643 constituit,
538 1588 586 1634 &
615 1586 669 1632 ad
699 1585 930 1647 antiquum
950 1582 1133 1628 modum
1155 1579 1336 1642 redegit.

64 1656 278 1704 Vehicula
308 1675 407 1704 cum
446 1659 703 1722 ingentibus
738 1657 919 1704 sarcinis
956 1655 1127 1702 Urbem
1165 1653 1337 1715 ingredi

63 1731 311 1794 prohibuit.
347 1732 496 1779 Sederi
528 1749 670 1796 equos
700 1733 746 1778 in
789 1729 1048 1777 civitatibus
1088 1743 1182 1774 non
1221 1726 1338 1773 sivit.

64 1808 180 1851 Ante
217 1805 423 1852 ostavam
464 1806 620 1853 horam
655 1805 703 1851 in
741 1803 928 1866 publico
965 1800 1220 1857 neminem,
1257 1799 1337 1845 nisi

62 1895 255 1942 aegrum,
287 1877 429 1925 lavari
453 1879 592 1940 passus
619 1878 694 1926 est.
724 1878 795 1924 Ab
817 1875 1013 1938 epistolis
1045 1877 1094 1922 &
1124 1892 1148 1921 a
1179 1873 1339 1919 libellis

61 1954 232 2016 primus
252 1952 420 2014 equites
445 1955 681 2000 Romanos
709 1952 877 1999 habuit.
902 1952 1019 2006 Eos,
1041 1965 1155 2012 quos
1176 1964 1339 2010 paupe-

62 2041 131 2072 res
161 2027 210 2072 &
235 2026 499 2073 innocentes
528 2026 668 2084 vidit,
686 2026 844 2089 sponte
873 2022 1062 2070 ditavit:
1084 2037 1198 2084 quos
1225 2035 1339 2066 vero

64 2097 303 2144 calliditate
324 2099 512 2156 ditatos,
531 2098 661 2146 etiam
684 2098 796 2145 odio
822 2096 991 2143 habuit.
1019 2096 1146 2141 Sacra
1174 2093 1339 2137 Roma-

63 2186 120 2215 na
139 2170 464 2232 diligentiffime
481 2170 659 2217 curavit
677 2167 936 2232 :peregrina
954 2163 1204 2214 contemsit.
1223 2164 1341 2208 Pon·

65 2240 196 2288 tificis
211 2242 392 2289 maximi
413 2243 612 2290 officium
633 2241 815 2306 peregit.
845 2239 1007 2287 Causas
1031 2239 1190 2284 Roma:
1211 2249 1342 2297 atque

64 2317 110 2362 in
133 2315 379 2376 provinciis
407 2315 666 2379 frequenter
692 2314 897 2371 audivit.
917 2310 1120 2359 adhibitis
1150 2309 1341 2356 consilio

66 2388 147 2435 suo
168 2388 436 2435 Consulibus
453 2404 584 2450 atque
609 2386 881 2434 Praetoribus
895 2421 910 2441 ,
931 2386 981 2431 &
1002 2381 1184 2445 optimis
1205 2382 1342 2428 Sena-

65 2462 255 2511 toribus.
286 2462 503 2512 Fucinum
533 2462 678 2511 lacum
705 2460 864 2510 emisit.
895 2460 1110 2519 Quattuor
1139 2455 1342 2506 consula-

942 2531 973 2576 Β
1013 2546 1040 2581 4
