1637 2785
259 439 516 507 AELII
573 410 1211 514 LAMPRIDIi

95 664 819 741 ALEXANDER
865 666 1376 746 SEVERUS

695 864 789 904 AD

338 1025 946 1075 CONSTANTINUM
990 1030 1161 1078 AUG.

501 1205 968 1230 ,----------ι

94 1389 128 1436 1.
165 1346 513 1434 INTERFECTO
534 1383 674 1432 Vario
696 1384 996 1450 Heliogabalo
1022 1383 1117 1450 (fic
1138 1351 1257 1435 enim
1281 1399 1380 1438 nia-⁴

96 1461 258 1508 luimus
279 1462 454 1514 dicere,
475 1475 607 1521 quam
625 1459 932 1506 Antoninum:
961 1460 1065 1523 quia
1082 1461 1129 1508 ὅ(
1155 1460 1264 1507 nihil
1282 1466 1381 1508 An-

95 1533 362 1581 toninorum
394 1532 524 1592 pestis
552 1531 627 1577 illa
663 1531 888 1587 ostendit,
923 1533 972 1580 ὃ(
1002 1533 1090 1580 hoc
1122 1550 1288 1580 nomen
1323 1552 1381 1582 ex

98 1606 361 1662 annalibus,
386 1607 572 1650 Senatus
596 1604 887 1661 auetoritate,
915 1605 1083 1651 erasum
1109 1605 1205 1669 est)
1235 1607 1289 1653 ad
1317 1625 1385 1654 re-

96 1678 292 1724 medium
321 1677 492 1740 generis
520 1674 702 1720 humani
738 1676 944 1721 Aurelius
965 1677 1246 1734 Alexander,
1274 1679 1383 1726 urbe

97 1755 272 1798 Arcena
291 1749 490 1812 genitus,
508 1747 634 1792 Varii
656 1745 769 1793 filius
785 1784 798 1802 ,
830 1747 978 1794 Variae
1011 1764 1178 1810 nepos,
1199 1751 1249 1796 δι
1271 1768 1382 1798 con-

95 1822 304 1871 sobrinus
348 1820 481 1883 ipsius
528 1819 811 1882 Heliogabali
835 1855 848 1875 ‚
890 1820 1062 1883 accepit
1106 1821 1341 1883 imperium
1364 1841 1382 1882 ;

99 1912 204 1943 cum
236 1907 337 1941 ante
364 1892 511 1939 Caesar
540 1909 562 1936 a
586 1893 748 1937 Senatu
780 1892 882 1938 effet
903 1892 1175 1955 appellatus,
1197 1910 1386 1945 mortuo

99 1968 267 2016 scilicet
290 1967 524 2013 Macrino:
550 1965 886 2028 Augustumque
915 1983 1081 2012 nomen
1106 1966 1223 2013 idem
1255 1984 1386 2016 rece-

100 2039 198 2101 pit,
227 2039 379 2085 addito
408 2054 490 2091 eo,
519 2050 569 2082 ut
590 2038 637 2083 &
658 2037 796 2083 Patris
821 2037 975 2100 patriae
1005 2052 1171 2084 nomen
1190 2074 1206 2095 ,
1239 2041 1287 2087 &
1316 2040 1386 2099 jus

101 2112 442 2174 proconsulare,
456 2112 505 2158 &
520 2111 802 2157 tribuniciam
819 2112 1096 2173 potestatem,
1111 2111 1240 2173 &jus
1253 2114 1388 2177 quin-

102 2198 159 2232 tae
190 2184 447 2240 relationis,
471 2183 697 2230 deferente
716 2185 878 2232 Senatu
893 2220 906 2242 ‚
928 2201 1024 2231 uno
1045 2185 1115 2231 die
1139 2185 1389 2234 assumeret.

101 2258 156 2303 Et
187 2274 241 2303 ne
269 2272 462 2318 praeceps
489 2255 565 2302 ista
591 2257 819 2302 honorum
853 2257 1138 2303 continuatio
1158 2257 1390 2322 videatur,

103 2344 330 2391 exponam
357 2327 534 2385 causas,
563 2329 724 2391 quibus
753 2329 799 2375 id
826 2332 874 2376 &
898 2333 1085 2377 §enatus
1115 2331 1292 2378 emaus
1330 2332 1393 2379 est

105 2399 277 2457 facere,
301 2403 349 2448 &
382 2400 454 2445 ilie
486 2401 672 2465 perpeti.
703 2419 800 2450 non
829 2403 949 2451 enim
984 2416 1056 2451 aut
1079 2404 1289 2466 gravitati
1312 2406 1394 2459 Sea:

181 2475 355 2535 Scriptt.
387 2474 454 2521 H,
485 2477 548 2522 A.
1068 2477 1110 2520 R
