1714 2807
377 165 468 209 224
602 144 1457 197 FLAV11VOI’1SC1

371 257 456 305 esse
493 255 715 319 perpeffus
760 254 838 302 est.
878 253 1089 318 liquidem
1129 254 1265 302 multa
1305 271 1445 318 opera
1485 252 1663 304 militari

375 349 511 379 manu
530 330 744 393 perfecit,
765 330 944 387 dicens,
970 346 1196 377 annonam
1226 331 1455 395 gratuitam
1477 331 1663 378 militem

374 407 612 455 comedere
643 421 737 452 non
769 405 941 452 debere.
977 405 1058 452 His
1090 406 1259 452 addidit
1293 407 1455 452 dicium
1487 405 1549 453 eis
1567 422 1664 469 gra·

375 497 461 536 ve,
493 479 523 526 fi
554 495 752 542 unquam
783 480 991 534 eveniat,
1017 477 1201 525 salutare
1226 478 1486 540 reipublicae
1509 514 1521 534 ,
1555 480 1666 525 brevi

374 557 524 600 milites
555 552 794 618 neceffierios
827 570 910 598 non
937 553 1269 612 fitturoszuid
1295 550 1367 600 ille
1392 567 1665 614 conceperat

373 629 556 684 animO,
584 628 663 690 qui
690 627 780 673 hoc
821 623 1036 672 dicebat?
1074 642 1228 672 nonne
1257 642 1416 674 omnes
1456 628 1662 674 barbaras

373 702 581 748 nationes
614 697 858 759 subjecerat
888 699 1104 760 pedibu5‚
1133 698 1235 762 quia
1266 711 1414 746 totum
1448 703 1664 751 mundum

371 775 539 822 fecerat
559 772 645 834 jam
675 771 968 818 Romanum?
990 773 1143 830 Brevi,
1165 772 1342 833 inquit,
1364 775 1509 819 milites
1529 776 1664 836 neces—

360 850 505 911 fizrlos
535 865 621 892 non
663 847 915 891 habebimus.
943 845 1068 905 Quid
1099 844 1160 892 est
1196 845 1316 892 aliud
1350 845 1531 894 dicere?
1567 848 1661 893 Ro—

371 935 527 967 manus
564 918 651 978 jam
694 917 819 964 miles
859 917 945 964 erit
986 918 1169 975 nullus,
1208 917 1378 982 ubique
1421 919 1659 983 regnabit:

371 991 527 1039 omnia
565 990 882 1052 poffidebimus
903 1026 914 1046 ,
945 989 1094 1037 secura
1131 990 1394 1053 republica:
1431 993 1554 1039 orbis
1582 1006 1647 1040 ter

373 1081 523 1110 rarum
568 1078 664 1108 non
704 1078 825 1108 arma
867 1060 1126 1121 fabricabit,
1156 1080 1250 1110 non
1291 1081 1518 1111 annonam
1552 1082 1665 1127 prae·

376 1135 527 1182 bebit:
566 1135 707 1182 boves
743 1134 1026 1181 habebuntur
1060 1147 1242 1192 aratro,
1278 1153 1418 1200 equus
1466 1136 1667 1184 nascetur

371 1210 424 1256 ad
445 1224 628 1271 pacem:
658 1208 778 1252 nulla
809 1219 940 1252 erunt
970 1207 1085 1254 bella
1104 1241 1118 1265 ‚
1139 1208 1259 1254 nulla
1293 1209 1548 1271 captivitas:
1567 1209 1666 1255 ubi—

373 1299 462 1346 que
501 1298 620 1343 pax,
654 1279 822 1343 ubique
858 1280 1078 1326 Romana:
1116 1281 1258 1344 lege3‚
1287 1284 1453 1346 ubique
1492 1283 1664 1344 judices

374 1355 530 1402 nostri.

436 1429 565 1475 XXI.
593 1424 796 1489 Longius
835 1441 991 1471 amore
1028 1424 1315 1486 Imperatoris
1355 1425 1518 1488 optimi
1560 1443 1664 1490 pro-

373 1502 591 1566 gredior,
620 1516 753 1562 quam
794 1497 1004 1561 pedestris
1050 1498 1193 1545 sermo
1243 1496 1469 1546 defiderat.
1507 1501 1664 1561 Quare

375 1574 531 1622 addam
562 1572 704 1628 illud,
743 1571 870 1634 quod
916 1569 1141 1632 praecipue
1183 1583 1310 1617 tanto
1345 1571 1448 1617 viro
1488 1571 1662 1619 fatalem

374 1645 641 1710 properavit
670 1643 985 1691 necessitatem.
1008 1660 1107 1689 nam
1143 1659 1245 1690 cum
1276 1642 1485 1690 Sirmium
1513 1643 1664 1691 venis-

376 1720 466 1776 set,
485 1737 535 1767 ac
563 1718 704 1765 solum
733 1718 924 1779 patrium
947 1715 1242 1764 effoecundari
1270 1730 1452 1779 cuperet
1475 1717 1524 1765 &
1554 1716 1664 1765 dila-

375 1793 486 1850 tari,
510 1793 565 1840 ad
594 1792 842 1839 siccandam
873 1791 1094 1854 quandam
1135 1791 1346 1854 paludem>
1368 1791 1506 1838 multa
1537 1790 1663 1838 fimul

375 1866 515 1913 millia
532 1866 725 1912 militum
747 1864 920 1927 posuit,
940 1865 1163 1928 ingentem
1189 1880 1346 1927 parans
1368 1863 1524 1911 foffam
1544 1900 1554 1922 ,
1575 1880 1660 1927 qua

375 1939 554 2002 dejeffls
587 1939 634 1985 in
663 1940 799 1986 altum
831 1939 1020 1985 navibus
1044 1974 1059 1996 ‚
1092 1938 1191 1985 loca
1222 1937 1526 1984 Sirmiensibus
1555 1953 1660 1999 pro-

374 2012 526 2060 futura
558 2011 755 2058 ficcaret.
783 2012 872 2059 hoc
894 2010 1087 2074 permoti
1111 2010 1298 2067 milites,
1320 2009 1661 2074 confugientem

375 2103 477 2134 eum
507 2085 552 2131 in
587 2099 756 2132 turrem
782 2084 1015 2141 ferratam,
1047 2101 1179 2146 quam
1210 2082 1301 2146 ipse
1334 2083 1521 2146 speculae
1555 2098 1657 2130 cau-

378 2162 419 2209 sa
439 2160 718 2207 editiffimam
744 2158 1128 2214 exaedificaverat,
1158 2159 1479 2205 interemerunt
1499 2193 1512 2215 ‚
1538 2174 1660 2205 anno

377 2232 552 2296 imperii
586 2233 650 2278 sui
678 2232 857 2296 quinto.
891 2232 1222 2279 Posteatamen
1254 2232 1409 2294 ingens
1439 2229 1479 2278 ei
1514 2228 1661 2292 sepui-

377 2324 533 2365 crum,
551 2305 674 2352 elatis
693 2305 927 2368 aggeribus
943 2341 955 2361 ‚
982 2321 1140 2351 omnes
1165 2305 1327 2367 pariter
1351 2303 1511 2350 milites
1543 2301 1660 2349 fece·

377 2393 506 2435 runt,
527 2397 628 2428 cum
658 2379 794 2427 titulo
826 2378 1111 2438 hujusmodi,
1143 2379 1283 2426 inciso
1310 2377 1546 2425 marmori:
1566 2391 1656 2425 HIC

378 2467 571 2501 PROBUS
611 2465 912 2501 lMPERATOR
934 2488 947 2512 ‚
980 2466 1040 2498 ΕΤ
1080 2464 1213 2500 VERE
1261 2463 1485 2510 PROBUS,
1514 2463 1655 2497 SITUs
