1714 2807
345 164 404 212 82

475 588 926 656 TREBELLII
1005 590 1476 660 POLLIONIS

334 814 1172 893 GALLIENI
1262 811 1608 895 DUO.

325 1231 357 1275 1.
394 1188 606 1275 CAPTO
628 1223 895 1280 Valeriano,
917 1223 1181 1287 (enimvero
1203 1222 1321 1268 unde
1352 1220 1606 1284 incipienda

323 1300 384 1346 est
417 1298 610 1345 Gailieni
648 1296 765 1348 vita,
795 1295 873 1341 nifi
905 1297 958 1341 ab
989 1312 1044 1341 eo
1078 1294 1302 1356 praecipue
1336 1295 1482 1350 malo,
1512 1310 1606 1357 quo

320 1373 416 1433 ejus
451 1372 542 1419 vita
581 1369 773 1432 depressa
809 1368 867 1414 ess
893 1367 947 1431 ?)
988 1382 1168 1414 nutante
1205 1368 1463 1428 republica,
1501 1384 1603 1414 cum

322 1447 554 1500 Odenatus
578 1443 662 1505 jam
689 1442 892 1489 Orientis
919 1441 1099 1504 cepiffet
1128 1441 1363 1503 imperium
1380 1476 1392 1496 ‚
1420 1442 1464 1485 &
1492 1439 1603 1485 Gal-

319 1520 464 1566 lienus
492 1530 721 1580 comperta
749 1515 882 1578 patris
913 1515 1172 1577 captivitate
1202 1515 1437 1577 gauderet3
1467 1530 1603 1576 vaga-

318 1595 481 1640 bantur
511 1591 760 1647 exercitus,
784 1587 1118 1635 murmurabant
1143 1587 1304 1643 duces,
1329 1598 1422 1632 erat
1447 1583 1601 1647 ingens

318 1667 530 1715 omnibus
556 1681 727 1713 moeror
743 1700 757 1722 ‚
778 1663 901 1726 quod
920 1664 1169 1723 Imperator
1183 1661 1414 1706 Romanus
1433 1658 1478 1704 in
1500 1658 1600 1703 Per-

316 1739 406 1785 side
434 1737 653 1784 serviliter
676 1748 912 1783 teneretur.
932 1734 1146 1780 Gallieno
1168 1731 1303 1794 igitur
1326 1733 1373 1778 &
1396 1730 1599 1777 Volusta-

316 1827 381 1856 no
408 1809 705 1866 Consulibus,
733 1806 986 1853 Macrianus
1010 1808 1056 1853 ὅ(
1081 1804 1235 1850 Balista
1259 1804 1306 1850 in
1330 1795 1597 1851 unum'coe·

315 1897 423 1942 unt,
447 1883 669 1929 exercitus
694 1879 901 1943 reiiquias
923 1892 1210 1927 convocant:
1231 1878 1280 1924 ὅ(
1305 1894 1406 1924 cum
1434 1880 1596 1923 Roma-

315 1975 422 2002 num
453 1957 498 2002 in
528 1956 717 2002 Oriente
746 1965 924 2000 nutaret
949 1952 1213 2014 imperium,
1240 1966 1370 2012 quem
1400 1948 1596 1997 facerent

312 2034 633 2092 Imperatorem
649 2063 661 2082 ,
682 2028 914 2090 requirunt
934 2064 944 2081 ‚
972 2026 1185 2071 Gallieno
1210 2037 1298 2069 tam
1319 2023 1594 2086 negligenter

312 2103 354 2149 se
385 2114 567 2165 agente,
597 2114 647 2148 ut
679 2099 771 2160 eju>
802 2116 855 2145 ne
893 2098 1066 2144 mentio
1098 2097 1278 2160 quidem
1317 2096 1434 2158 apud
1462 2112 1592 2141 exer-

310 2177 448 2224 citum
482 2173 620 2222 fieret.
659 2173 874 2235 Denique
906 2189 1008 2218 cum
1048 2170 1212 2233 pluries
1243 2168 1339 2229 ejus
1371 2167 1433 2215 rei
1469 2169 1592 2215 causa

312 2247 654 2306 convenissent,
671 2245 866 2309 placuit,
884 2256 930 2289 ut
956 2243 1234 2288 Mam-{anum
1261 2259 1360 2288 cum
1384 2240 1486 2286 filiis
1509 2240 1591 2287 suis

308 2326 603 2384 Imperatores
621 2320 820 2366 dicerent
835 2354 847 2375 ‚
865 2335 915 2365 ac
935 2318 1256 2379 rempublicam
1278 2315 1588 2362 defensandam

307 2394 593 2454 capesi'erent.
624 2392 693 2438 Sic
730 2390 861 2453 igitur
895 2390 1130 2452 imperium
1167 2390 1360 2435 delazum
1390 2387 1450 2432 est
1489 2389 1586 2432 Ma-

306 2466 478 2515 criano.
499 2467 552 2513 Et
579 2464 716 2514 causae
741 2463 972 2512 Macriano
1000 2462 1245 2527 imperandi
1275 2477 1374 2510 cum
1402 2458 1498 2506 tiliis
1520 2460 1586 2504 hae
