1637 2785
310 110 639 158 OPILIUS
687 106 1132 154 MACRINUS.
1276 121 1369 165 217

86 217 338 283 tyrannicis
368 215 715 262 immanitatibus
749 213 1002 260 tristiorem.
1034 215 1153 260 Cum
1190 212 1374 276 quidam

88 292 251 338 milites
272 289 445 336 ancillae
474 287 660 350 hospitis
689 287 906 347 pudorem
939 286 1197 348 depravaffe
1225 285 1376 348 suspe-

89 365 144 411 &i
177 364 340 416 effent,
373 375 503 424 atque
541 378 617 422 per
654 360 876 420 quendam
916 358 1257 405 frumentarium
1299 359 1377 404 ille

91 435 305 483 didicisset
321 433 508 490 ‚adduci
536 448 614 479 eos
637 431 776 491 juffit,
793 431 1203 493 interrogavitque,
1224 445 1377 477 utrum

94 508 196 555 effet
229 507 417 553 fufium:
457 505 583 568 quod
631 522 728 551 cum
768 503 1054 559 constitiffet,
1089 505 1202 548 duos
1236 504 1380 550 boves

93 582 217 627 mirae
247 578 567 642 magnitudinis
604 577 738 624 vivos
769 576 914 623 subito
952 576 1110 637 aperiri
1141 575 1282 636 jussit,
1309 589 1382 624 at-,

94 670 180 716 que
216 652 282 699 his
320 652 510 714 singulos
551 651 710 696 milites
749 649 910 706 inseri,
942 649 1190 710 capitibus,
1228 661 1278 696 ut
1314 649 1383 695 se-

97 744 201 774 cum
231 725 435 787 colloqui
467 724 667 785 possent,
704 722 917 777 exserti53
944 723 1092 785 itaque
1129 739 1265 784 poena
1298 722 1385 770 hos

101 799 273 853 affecit,
304 815 405 846 cum
434 815 489 843 ne
514 797 724 844 adulteris
748 797 929 860 quidem
961 797 1062 843 talia
1093 797 1209 858 apud
1239 795 1387 855 majo-

98 869 169 917 res
195 870 264 917 vel
292 868 352 915 sui
377 869 592 929 temporis
616 867 751 914 effent
781 867 1022 914 constituta
1044 866 1268 928 supplicia.
1297 868 1388 914 Pu-

102 943 256 1007 gnavit
282 957 427 988 tamen
457 943 506 989 &
536 955 694 988 contra
723 941 938 997 Parthos,
966 942 1014 988 &
1044 957 1202 987 contra
1230 944 1388 987 Arme-

103 1019 232 1073 nios,
258 1018 305 1062 &
335 1029 493 1063 contra
527 1016 716 1067 Arabas,
745 1030 860 1077 quos
880 1014 1176 1060 Eudaemonas
1195 1029 1392 1069 vocant,

104 1107 200 1136 non
227 1091 372 1135 minus
397 1088 575 1135 fortiter
590 1124 603 1145 ,
622 1104 752 1151 quam
780 1087 984 1133 feliciter.
1006 1088 1261 1134 Tribunum
1276 1124 1289 1144 ,
1311 1087 1390 1150 qui

108 1164 319 1211 excubias
351 1163 489 1209 deseri
521 1162 661 1224 paffus
691 1161 779 1218 est,
804 1173 1020 1223 carpento
1052 1162 1186 1208 rotali
1215 1161 1394 1208 subter-

105 1252 330 1284 annexum
370 1252 447 1298 per
483 1247 628 1281 totum
662 1235 745 1281 iter
779 1234 934 1281 vivum
963 1248 1095 1297 atque
1131 1236 1393 1281 exanimum

106 1311 255 1356 traxit.
298 1309 508 1356 Reddidit
543 1308 674 1354 etiam
714 1308 928 1353 Mezentii
968 1308 1263 1370 supplicium,
1299 1324 1395 1370 quo

108 1384 184 1429 ille
218 1382 352 1429 v1vos
381 1381 573 1428 mortuis
603 1381 829 1444 illigabat,
864 1384 913 1428 &
952 1384 1007 1427 ad
1033 1396 1225 1428 mortem
1262 1397 1397 1443 coge-

109 1457 211 1514 bat,
241 1456 373 1518 longa
413 1455 514 1501 tabe
550 1455 797 1502 confefios.
830 1456 964 1502 Unde
995 1455 1124 1502 etiam
1159 1455 1206 1501 in
1230 1455 1398 1511 Circo,

111 1547 212 1578 cum
237 1530 371 1575 favor
398 1528 601 1590 publicus
629 1529 675 1575 in
705 1528 1038 1576 Diadumenum
1073 1529 1115 1575 se
1151 1527 1398 1591 proseruis-

113 1604 204 1661 set,
235 1602 551 1659 acclamatum,

178 1677 383 1740 Egregius
402 1676 551 1735 forma
572 1675 744 1733 juvenis
760 1710 774 1734 ,
799 1677 868 1723 cui
883 1693 1001 1738 pater
1032 1678 1146 1723 haud
1168 1679 1405 1738 Mezentius

365 1748 470 1812 effic.

116 1820 264 1869 Vivos
294 1821 425 1868 etiam
457 1821 663 1868 homines
701 1822 944 1885 parietibus
977 1821 1181 1879 inclusit,
1212 1824 1260 1870 &
1291 1822 1402 1869 stru-¹

117 1895 198 1942 xit.
235 1894 454 1942 Adulterii
488 1911 590 1943 reos
629 1895 798 1957 semper
835 1896 973 1943 vivos
1010 1895 1135 1942 fimul
1172 1895 1403 1952 incendit,

119 1967 275 2029 junffis
291 1967 573 2030 corporibus.
591 1969 758 2015 Servos
772 2004 785 2026 ,
807 1969 885 2031 qui
902 1986 928 2015 a
949 1968 1144 2015 dominis
1164 1967 1370 2031 fugiffent
1385 2002 1403 2024 ,

118 2054 321 2104 repertos
344 2043 397 2088 ad
427 2042 620 2106 gladium
659 2043 750 2090 ludi
785 2043 1041 2105 deputabat.
1069 2043 1339 2099 Delatores,
1369 2042 1404 2089 st

120 2128 216 2167 non
245 2113 513 2175 probarent,
543 2113 688 2176 capite
718 2113 888 2161 affecit:
913 2113 945 2160 fi
982 2114 1255 2177 probarent,
1282 2113 1405 2167 dela-3

120 2198 172 2233 to
202 2186 401 2246 pecuniae
429 2187 614 2248 praemio
641 2186 826 2233 infames
853 2185 1028 2234 dimifit.

186 2258 304 2304 XIII.
325 2258 420 2304 Fuit
438 2257 482 2305 in
505 2257 599 2318 jure
622 2276 716 2305 non
740 2258 1000 2316 incallidus,
1022 2259 1136 2305 adeo
1158 2269 1207 2303 ut
1230 2255 1401 2303 statuis·

123 2327 187 2375 set
213 2329 363 2376 omnia
391 2329 599 2392 rescripta
631 2344 832 2379 veterum
855 2332 1113 2392 Principum
1139 2328 1298 2375 tollere
1315 2363 1330 2386 ,
1355 2339 1406 2374 ut

124 2398 221 2463 jure
233 2436 249 2463 ‚
266 2417 361 2451 non
377 2401 600 2466 rescriptis
614 2438 630 2464 ,
643 2416 872 2468 ageretur3
891 2402 1014 2455 nefas
1030 2402 1115 2452 effe
1135 2401 1286 2453 dicens
1301 2435 1316 2463 ,
1338 2400 1407 2463 le:
