1637 2785
266 137 772 189 'ALEXANDER
820 141 1223 188 SEVERUS.·
1293 156 1383 204 279

107 247 170 293 les
187 282 200 304 ‚
221 247 398 296 leffioni
420 250 594 294 Graecae
613 263 794 309 operam
825 246 1041 307 majorem
1062 248 1214 304 dabat,
1238 250 1310 294 De
1329 267 1384 294 re·

101 323 268 380 publica
298 320 436 367 libros
465 319 662 366 Platonis
693 319 856 382 legens.
891 319 1044 365 Latina
1072 337 1174 366 cum
1202 320 1383 383 legeret,

106 407 205 439 non
234 391 317 438 alia
350 390 485 454 magis
525 391 722 454 legebat,
749 407 880 452 quam
914 393 988 435 De
1021 391 1169 452 officiis
1200 391 1384 438 Cicero·

105 464 174 512 nis
207 467 255 513 &
282 467 355 516 De,
387 466 617 526 republica:
638 480 968 526 nonnunquam
991 465 1039 510 &
1076 476 1279 511 oratores
1296 500 1310 521 ‚
1333 466 1383 512 δε

103 551 284 600 poetas,
304 539 350 585 in
370 538 494 601 queis
516 538 729 583 Serenum
757 535 1093 582 Sammonicum
1108 571 1120 591 ‚
1140 552 1271 598 quem
1293 537 1383 598 ipse

103 611 362 658 noverat&
387 611 631 668 dilexerat,
655 611 704 657 &
734 607 989 655 Horatium.
1015 608 1140 671 Legit
1167 610 1215 655 &
1241 610 1381 656 vitam

102 682 373 740 Alexandri,
407 699 537 746 quem
569 682 794 745 praecipue
818 680 1014 728 imitatus
1042 682 1124 727 est:
1149 680 1222 728 etfi
1253 680 1298 725 in
1324 697 1382 727 eo

103 756 431 803 condemnabat
463 757 747 813 ebrietatem,
777 756 827 802 &
863 754 1166 802 crudelitatem
1194 753 1240 800 in
1268 752 1383 800 ami-

102 845 207 885 cos;
235 831 442 893 quamvis
475 844 712 893 utrumque
750 824 1013 878 defendatur
1048 847 1072 876 a
1107 831 1238 876 bonis
1273 829 1384 876 scri-¹

101 902 332 963 ptoribus,
361 903 526 966 quibus
560 903 717 965 saepius
745 903 819 950 ille
849 903 1068 951 credebat.
1097 901 1199 948 Post
1228 901 1382 949 1Εᾶἰο-

100 990 230 1031 nem,
261 991 442 1037 operam
471 976 800 1039 palaestrae,aut
831 975 1146 1037 sphaeristerio,
1174 985 1248 1021 aut
1278 991 1380 1021 cur-

100 1046 166 1094 sui
182 1083 194 1103 ,
214 1061 288 1095 aut
309 1048 621 1096 luctaminibus
642 1048 958 1106 mollioribus,
983 1049 1140 1104 dabat,
1162 1062 1292 1110 atque
1313 1047 1381 1093 in·

100 1121 154 1166 de
178 1121 334 1168 unitus
356 1121 612 1177 lavabatur,
638 1121 698 1167 ita
722 1133 769 1167 ut
795 1120 994 1168 caldariis
1025 1121 1097 1166 vel
1126 1137 1380 1183 nunquam,

99 1191 176 1238 vel
211 1209 339 1249 raro,
375 1191 540 1254 piscina
571 1192 740 1253 semper
780 1204 1002 1250 uteretur,
1035 1193 1079 1237 in
1118 1209 1255 1255 eaque
1292 1208 1381 1239 una

97 1265 209 1311 hora
239 1281 382 1326 prope
413 1277 634 1324 maneret,
662 1265 833 1312 biberet
857 1265 989 1312 etiam
1010 1263 1213 1328 frigidam
1239 1264 1379 1310 Clau-

98 1339 211 1384 diam
239 1337 442 1400 jejunus,
467 1339 521 1386 ad
545 1356 684 1385 unum
713 1356 855 1403 prope
887 1339 1140 1387 sextarium.
1173 1337 1378 1401 Egreffus
1424 1338 1429 1339 ⁷

95 1411 274 1458 balneas
303 1412 491 1458 multum
516 1410 638 1458 laffis
664 1413 712 1458 &
742 1412 867 1474 panis
897 1411 1124 1469 sumebat,
1152 1427 1239 1457 ova
1258 1445 1271 1467 ,
1302 1410 1376 1455 de-

95 1482 200 1530 inde
229 1483 444 1529 mulsum:
479 1496 611 1546 atque
647 1483 714 1529 his
745 1482 931 1530 refefihis
965 1484 1209 1546 aliquando
1244 1497 1378 1544 pran-

96 1556 217 1600 dium
239 1554 401 1611 inibat,
423 1553 666 1617 aliquando
689 1554 837 1600 cibum
857 1553 994 1616 usque
1013 1554 1067 1600 ad
1089 1571 1264 1601 coenam
1286 1551 1376 1599 dif-

95 1626 290 1683 ferebat,
311 1625 485 1687 prandit
506 1640 653 1672 tamen
687 1625 856 1688 saepius.
880 1624 1081 1688 Ususque
1104 1626 1165 1672 est
1192 1625 1377 1671 Hadria-

96 1698 142 1744 ni
169 1698 525 1759 tetrapharmaco
553 1696 833 1761 frequenter,
862 1697 915 1743 de
946 1713 1039 1761 quo
1066 1698 1110 1744 in
1139 1697 1261 1744 libris
1290 1697 1375 1743 suis

97 1772 266 1816 Marius
303 1768 525 1816 Maximus
558 1769 787 1834 loquitur,
825 1786 927 1820 cum
965 1770 1178 1818 Hadriani
1210 1770 1377 1819 disserit

98 1845 250 1891 vitam.

157 1920 332 1967 XXXI.
362 1919 466 1967 Post
497 1920 761 1969 meridianas
786 1922 952 1980 horas,
980 1918 1294 1983 subscriptioni
1323 1920 1375 1969 δέ

58 2034 63 2035 a
92 1992 274 2055 leffioni
301 1991 589 2055 epistolarum
623 1992 792 2056 semper
824 1993 943 2040 dedit
983 2010 1195 2056 operam,
1228 1992 1287 2039 ita
1325 2001 1376 2038 ut

92 2066 145 2110 ab
170 2064 394 2126 epistolis,
411 2066 459 2111 &
478 2065 665 2123 libellis,
685 2067 735 2114 δε
763 2084 787 2113 a
809 2065 1052 2122 memoria,
1079 2065 1247 2127 semper
1275 2065 1372 2112 affi-

91 2138 279 2184 sterent:
303 2153 627 2201 nonnunquam
656 2139 814 2197 etiam,
845 2139 877 2186 fi
905 2139 1012 2186 stare
1037 2156 1115 2202 per
1146 2139 1372 2186 valetudi-

89 2228 192 2258 nem
217 2227 310 2257 non
334 2209 535 2273 possent,
556 2212 780 2269 sederent,
807 2211 1103 2276 relegentibus
1127 2212 1284 2258 cundia
1313 2211 1371 2258 li-

91 2282 248 2329 brariis
265 2318 278 2341 ,
298 2283 347 2330 &
375 2282 454 2341 iis,
475 2284 553 2348 qui
580 2285 788 2333 scrinium
813 2286 1050 2350 gerebant,
1076 2284 1134 2330 ita
1166 2296 1214 2329 ut
1239 2283 1371 2330 Alex-

91 2355 227 2400 ander
257 2354 330 2401 sua
360 2372 492 2402 manu
525 2357 731 2415 adderet,
758 2358 789 2404 fi
821 2357 930 2421 quid
960 2356 1063 2403 effet
1095 2356 1370 2403 addendum:

95 2425 166 2475 sed
193 2444 248 2476 ex
271 2426 364 2490 ejus
395 2430 611 2478 sententia
640 2431 717 2495 qui
745 2431 952 2480 disertior
979 2430 1236 2477 habebatur.
1267 2428 1372 2480 Post

1030 2503 1057 2546 5
1090 2518 1120 2562 -4
