1637 2785
280 144 642 195 ANTONINUS
679 146 1155 195 HELIOGABALUS.
1270 164 1360 212 237

86 257 160 299 hcc
181 257 340 300 locatus
356 256 456 315 fitm
474 272 491 300 .·
512 257 560 299 de
581 270 618 299 te
648 257 720 300 boc
743 259 891 300 audivi
910 275 926 301 :
957 260 1004 302 de
1031 275 1064 303 te
1084 259 1362 317 hocfuturzmz

81 327 164 390 est:
185 339 231 371 ut
254 326 352 372 sunt
376 325 578 371 homines
600 324 885 385 hujusmodi,
914 328 1011 388 qui,
1034 329 1064 374 si
1085 330 1247 375 admiffi
1268 330 1367 381 fue--¹

81 400 170 443 rint
200 398 252 444 ad
284 397 463 444 nimiam
495 397 836 445 familiaritatem
874 400 1129 460 Principum
1150 438 1163 458 ‚
1198 402 1362 449 famam

80 485 176 516 non
205 469 347 516 solum
383 469 632 526 malorum,
666 469 738 515 sed
770 471 819 517 &
849 470 1075 516 bonorum
1104 473 1361 534 Principum

82 539 312 598 vendunt,
340 542 388 588 &
416 540 522 602 qui,
555 539 735 586 stultitia
767 540 841 586 vel
876 541 1137 588 innocentia
1170 545 1362 605 Impera-

78 623 256 671 torum,
283 612 362 675 qui
391 612 480 659 hoc
515 628 610 658 non
642 612 946 674 perspiciunt,
974 612 1129 660 infami
1166 615 1362 677 rumige-

77 685 251 732 ratione
273 685 518 748 pascuntur.
538 685 700 748 Nupsit
726 687 773 732 δι
795 686 930 742 coiit,
957 700 1006 732 ut
1031 689 1079 734 δε
1099 689 1356 748 pronubum

75 757 268 814 haberet,
287 758 604 821 clamaretque,
628 761 805 804 Concide
822 761 986 821 Magire
999 794 1011 815 ‚
1033 761 1082 806 δε
1100 774 1156 805 eo
1176 761 1356 821 quidem

74 840 278 892 tempore
292 866 306 889 ,
322 847 415 893 quo
443 830 628 878 Zoticus
649 832 905 893 aegrotabat.
928 830 1174 891 Quaerebat
1194 831 1356 878 deinde

72 918 97 948 a
118 902 395 966 philosophis
419 904 466 949 &
486 902 746 965 gravissimis
771 904 907 960 viris,
931 920 985 950 an
1008 906 1056 950 &
1078 903 1156 964 ipsi
1178 902 1224 948 in
1249 903 1357 949 ado-

71 975 278 1023 lescentia
295 977 478 1039 perpeffi
499 976 633 1022 essent
649 1012 663 1033 ‚
679 993 780 1039 quae
803 976 893 1038 ipse
922 987 1172 1038 pateretur,
1192 977 1241 1023 &
1260 976 1358 1038 qui-

72 1050 170 1096 dem
210 1051 613 1113 impudentiffime:
644 1067 788 1113 neque
817 1051 935 1097 enim
968 1066 1168 1112 unquam
1205 1052 1358 1099 verbis

71 1123 271 1184 pepercit
302 1122 542 1170 infamibus
565 1158 578 1180 ,
622 1139 722 1168 cum
755 1124 803 1169 &
844 1122 992 1186 digitis
1032 1122 1357 1184 impudicitiam

71 1195 340 1253 ostentaret,
366 1211 447 1242 nec
472 1194 588 1242 ullus
620 1194 666 1241 in
695 1207 933 1242 conventu
961 1196 1010 1243 δι
1037 1194 1244 1243 audiente
1271 1214 1357 1260 po·⁹

69 1268 181 1330 pulo
209 1270 312 1315 effet
336 1269 498 1331 pudor.

132 1342 211 1389 Xt.
241 1341 363 1390 Fecit
392 1342 576 1389 libertos
605 1340 836 1399 Praefides,
862 1343 1080 1405 Legatos,
1103 1341 1354 1399 Consules,

68 1415 221 1463 Duces
236 1450 250 1474 ,
270 1415 515 1478 omnesque
531 1414 765 1478 dignitates
786 1415 950 1476 polluit
973 1415 1254 1477 ignobilitate
1267 1415 1356 1460 ho-

67 1489 238 1537 minum
277 1491 568 1552 perditorum.
607 1491 726 1537 Cum
761 1491 817 1537 ad
864 1489 1114 1536 vindemias
1156 1489 1354 1537 vocafl'et

67 1562 237 1610 amicos
259 1564 457 1621 nobiles,
480 1566 530 1611 &
558 1565 612 1611 ad
645 1564 803 1610 corbes
836 1562 1025 1621 sedisset,
1046 1563 1356 1627 gravissimum

67 1651 290 1697 quemque
327 1635 580 1697 percontari
621 1634 788 1695 coepit,
829 1651 884 1680 an
921 1647 1124 1695 promtus
1164 1635 1267 1680 ess‘et
1304 1635 1354 1681 in

66 1709 317 1767 Venerem,
353 1708 801 1769 erubescentibusque
832 1706 1006 1755 senibus
1043 1708 1351 1773 exclamabat,

65 1784 277 1839 Erubuit,
303 1783 432 1843 fizlva
462 1800 521 1828 res
557 1782 632 1846 ss,
672 1779 892 1826 silentium
928 1797 979 1828 ac
1012 1781 1223 1827 ruborem
1263 1796 1351 1842 pro

63 1855 278 1904 consensu
305 1856 484 1903 ducens.
516 1854 698 1900 Addidit
725 1866 962 1916 praeterea‚
988 1854 1079 1917 ipse
1099 1870 1201 1915 quae
1230 1852 1354 1904 face-L

63 1941 159 1986 ret,
181 1928 270 1974 fine
298 1927 431 1974 ullius
457 1927 641 1988 pudoris
663 1926 934 1974 velamento.
960 1926 1251 1989 Posteaquam
1282 1926 1352 1973 se·

63 2017 140 2047 nes
173 2001 285 2048 vidit
314 1999 569 2047 erubescere
599 2016 650 2046 ac
680 2012 857 2057 tacere,
887 1999 960 2045 vel
988 1999 1090 2062 quia
1116 2013 1250 2055 aetas,
1273 1998 1350 2045 vel

62 2074 166 2138 quia
195 2074 383 2138 dignitas
411 2074 514 2121 talia
549 2073 797 2130 refutabat;
826 2073 1022 2121 contulit
1056 2071 1099 2118 se
1129 2074 1183 2118 ad
1214 2072 1349 2133 juve-

60 2164 167 2204 nes,
203 2149 254 2195 &
287 2147 342 2194 ab
376 2147 442 2193 his
476 2146 616 2208 coepit
659 2146 814 2192 omnia
850 2145 1101 2209 exquirere.
1133 2161 1156 2189 a
1184 2144 1348 2206 quibus

61 2237 163 2268 cum
197 2219 370 2266 audiret
399 2218 517 2265 aetati
548 2235 772 2282 congrua,
808 2219 997 2282 gaudere
1030 2217 1171 2278 coepit
1195 2219 1244 2262 ἃ
1274 2216 1347 2261 di-

59 2309 184 2350 cere,
211 2309 318 2339 vere
348 2291 532 2338 liberam
564 2292 836 2339 vindemiam
867 2290 982 2347 effe,
1011 2307 1142 2351 quam
1175 2289 1234 2335 fic
1266 2305 1345 2335 ce-

60 2365 298 2411 lebrarent.
316 2367 479 2411 Ferunt
502 2356 658 2422 multi,
678 2365 731 2414 ab
752 2364 847 2426 ipso
871 2364 1063 2424 primum
1091 2374 1342 2422 repertum,

60 2447 110 2483 ut
140 2435 187 2484 in
226 2435 556 2486 vindemiarum
586 2434 752 2488 festivo
780 2435 920 2486 multa
953 2435 1001 2491 in
1031 2434 1243 2482 dominos
1270 2431 1339 2494 jo-
