1637 2785
282 164 780 212 ALEXANDER
826 164 1201 212 sEVERUS.
1302 163 1389 226 283

125 282 318 335 peteret,
336 271 390 318 ab
422 271 504 317 illo
533 282 678 317 autem
701 270 880 316 occulte
907 270 1026 332 quasi
1047 269 1292 333 praesidium
1316 285 1398 331 po-

125 345 326 401 stularet,
363 355 411 389 ut
447 357 531 404 pro
558 357 616 388 eo
647 342 905 388 Alexandro
939 342 1107 388 secreto
1140 342 1401 405 suggereret.

124 416 265 476 Quod
286 431 387 462 cum
408 412 567 460 saelum
592 413 719 470 esset,
739 415 787 459 &
803 413 1002 459 Turinus
1020 412 1272 476 suffragium
1297 430 1400 474 pro-

126 487 326 546 misisset,
343 487 631 548 dixissetque,
651 486 691 532 se
716 487 916 548 quaedam
940 487 1204 548 Imperatori
1220 477 1402 545 dixisse,

127 578 227 610 cum
267 561 379 607 nihil
411 560 606 617 dixiss‘et,
642 559 712 606 sed
745 560 791 605 in
827 576 883 606 eo
913 562 1135 622 pendere,
1171 572 1220 606 ut
1255 561 1403 609 adhuc

125 634 409 694 impetraret,
432 644 644 679 eventum
673 632 893 679 vendens:
923 649 1113 695 cumque
1133 632 1292 678 iterum
1318 632 1405 692 jus-

127 704 236 751 sisset
252 705 501 751 Alexander
515 705 876 767 interpellari,&
896 701 1093 753 Turinus
1107 742 1120 763 ,
1143 705 1263 769 quasi
1284 706 1404 752 aliud

127 795 276 842 agens,
291 779 469 826 nutibus
489 779 721 837 annuisset,
743 796 887 841 neque
906 792 1053 826 tamen
1072 780 1250 826 interim
1271 779 1406 840 quid-

97 853 100 856 ’
127 867 257 914 quam
285 851 482 907 dixisset,
513 851 794 913 impetratum
819 864 966 899 autem
999 852 1133 910 esset,
1169 853 1292 914 quod
1313 867 1406 915 *pe-

126 925 330 981 tebatur,
355 923 642 986 Turinusque
677 924 731 970 ab
767 923 875 981 illo,
901 925 978 988 qui
1015 937 1261 981 meruerat,
1294 923 1407 970 fumi

127 993 356 1051 venditor,
373 994 567 1057 ingentia
589 995 770 1057 praemia
786 995 1069 1058 percepiffet3
1089 995 1283 1044 accusari
1305 1011 1408 1042 eum

127 1068 378 1115 Alexander
404 1067 548 1134 jussit,
578 1068 860 1132 probansque
896 1085 974 1130 per
1008 1070 1135 1116 testes
1167 1067 1407 1127 omnibus,

127 1142 178 1188 δε
212 1140 373 1203 quibus
408 1139 695 1202 praesentibus
727 1140 833 1202 quid
868 1140 1125 1203 accepisset,
1160 1141 1210 1187 ὅ(
1247 1140 1408 1202 quibus

127 1212 409 1260 audientibus
459 1212 566 1275 quid
608 1212 870 1274 promisisset
894 1247 907 1270 ,
940 1212 986 1258 in
1026 1211 1131 1258 foro
1173 1212 1409 1259 Transito-

127 1287 198 1333 rio
224 1286 278 1332 ad
306 1285 491 1347 stipitem
520 1285 644 1331 illum
669 1284 795 1348 ligari
828 1284 1068 1346 praecepit,
1095 1285 1144 1332 ὃ(
1176 1283 1304 1330 fumo
1329 1301 1410 1346 ap-
1445 1344 1448 1350 V

128 1358 302 1420 posito,
324 1373 456 1420 quem
488 1373 544 1404 ex
574 1357 743 1420 stipulis
772 1370 903 1420 atque
931 1357 1122 1404 humidis
1153 1357 1283 1420 lignis
1312 1354 1410 1402 fieri

127 1429 331 1492 jusserat,
356 1430 561 1487 necavit,
589 1447 798 1493 praecone
829 1430 1032 1487 dicente,
1050 1435 1181 1477 Fumo
1204 1432 1409 1491 punitur,

128 1506 202 1566 qui
232 1507 411 1550 vendidit
433 1504 620 1563 fumum.
654 1508 720 1552 Ac
750 1521 805 1550 ne
838 1521 928 1551 una
963 1517 1137 1550 tantum
1174 1504 1298 1550 causa
1337 1502 1411 1548 vi-

130 1577 306 1621 deretur
327 1575 550 1623 crudelior
569 1575 707 1634 fuisse,
731 1576 933 1638 quaesivit
959 1576 1306 1638 diligentissime,
1329 1591 1412 1620 an-

129 1661 309 1711 tequam
338 1665 438 1696 eum
458 1652 708 1697 damnaret:
727 1652 775 1697 &
810 1649 1016 1707 invenit,
1042 1649 1265 1696 Turinum
1298 1647 1413 1709 saepe

130 1722 180 1768 &
205 1721 251 1767 in
280 1722 419 1768 causis
443 1721 498 1768 ab
524 1736 708 1784 utraque
734 1735 856 1783 parte
884 1721 1119 1783 accepisse,
1143 1737 1242 1767 cum
1273 1736 1413 1766 even-

129 1805 200 1841 tus
227 1794 472 1850 venderet,
504 1794 553 1841 &
582 1795 636 1840 ab
668 1793 906 1851 omnibus,
932 1794 1009 1858 qui
1035 1807 1110 1840 aut
1137 1791 1410 1856 praepositu-

131 1882 198 1914 ras
214 1901 228 1923 ‚
253 1881 325 1912 aut
348 1867 609 1927 provincias
629 1879 903 1929 acceperant.

211 1941 448 1987 XXXVII.
481 1940 735 2001 Spefiiacula
775 1938 1075 2003 frequentavit
1105 1955 1207 1986 cum
1245 1937 1412 1986 summa

136 2012 337 2060 donandi
363 2010 630 2074 parsimonia
645 2047 659 2069 ‚
682 2012 861 2071 dicens,
881 2013 929 2058 ὃ(
963 2024 1200 2058 venatores
1216 2045 1229 2067 ,
1249 2011 1297 2057 δέ
1325 2010 1414 2058 sce-

133 2087 354 2144 nicos,&
383 2085 551 2149 aurigas
576 2086 635 2134 fic
655 2087 863 2143 alendos,
887 2085 1006 2150 quasi
1033 2085 1185 2132 servos
1206 2084 1412 2142 nostros,

132 2173 208 2208 aut
228 2172 464 2207 venatores
479 2195 493 2219 ,
509 2173 582 2207 aut
602 2161 824 2208 muliones
840 2197 852 2218 ‚
871 2174 946 2208 aut
961 2159 1258 2223 voluptarios.
1280 2160 1414 2206 Con-

132 2233 311 2281 vivium
341 2249 486 2296 neque
515 2233 744 2295 opimum,
769 2250 914 2298 neque
943 2232 1074 2280 nimis
1105 2249 1314 2295 parcum,
1341 2232 1416 2280 sed

133 2305 294 2352 nitoris
314 2304 472 2352 summi
492 2304 600 2352 fuit:
615 2306 675 2352 ita
687 2318 852 2364 tamen,
867 2318 914 2352 ut
930 2322 1039 2368 pura
1054 2304 1249 2351 mantilia
1268 2304 1414 2350 mitte-

133 2394 287 2425 rentur
300 2414 312 2433 ,
330 2378 483 2440 saepius
501 2395 644 2426 cocco
662 2379 848 2437 clavata,
864 2391 1009 2425 aurata
1031 2394 1143 2424 vero
1162 2392 1415 2439 1sunquam3
1455 2381 1460 2385 “

136 2467 238 2501 cum
274 2452 369 2501 haec
408 2451 722 2517 Heliogabalus
759 2450 849 2515 jam
887 2450 1116 2514 recepisset
1129 2485 1143 2510 ,
1180 2450 1230 2498 &
1274 2462 1374 2496 ante
1399 2482 1414 2506 ‚
