1637 2785
270 142 635 191 ANTONINUS
673 143 1154 191 HELIOGABALUS.
1262 159 1314 205 23
1333 159 1356 207 ς

77 253 260 299 domum
292 245 366 298 vel
386 267 552 296 nomen
577 249 800 312 irreperet.
832 267 931 297 nam
958 267 1014 297 ex
1035 267 1090 298 eo
1109 250 1360 300 emollitam

75 325 290 371 insaniam
326 324 496 379 ferunt,
522 339 599 383 per
625 339 756 384 quam
786 323 952 369 multos
974 326 1211 372 Senatores
1231 325 1361 372 occi-

77 397 122 442 di
150 396 354 456 jusserat:
386 396 546 457 quibus
574 395 788 451 servatis,
817 395 1079 443 Antoninus
1101 397 1165 442 Pii
1190 413 1361 443 nomen

79 471 269 525 meruit,
299 469 422 529 quod
448 485 527 514 eos
553 468 651 529 post
684 469 738 514 ad
772 469 978 514 Senatum
1008 469 1221 528 adduxit,
1245 485 1362 532 quos

79 560 236 591 omnes
266 542 374 602 juffu
405 541 626 603 Principis
655 541 912 588 interfectos
943 543 1199 590 credebant.

157 618 273 661 Vlll.
314 616 459 662 Caedit
495 618 544 662 &
570 615 785 660 humanas
815 614 1005 672 hostias,
1027 614 1149 662 lectis
1184 615 1238 662 ad
1271 616 1364 664 hoc

79 689 227 752 pueris
259 689 487 735 nobilibus
516 691 563 734 &
582 688 757 734 decoris
788 680 866 749 per
889 704 1071 735 omnem
1093 688 1261 734 Italiam
1284 706 1364 750 pa-

80 760 222 807 trimis
257 763 306 809 &
344 761 583 814 inanimis,
611 761 776 813 credo,
801 774 852 807 ut
872 759 1016 820 major
1046 761 1150 807 effer
1186 762 1367 824 utrique

81 834 256 896 parenti
285 834 432 881 dolor.
459 836 610 881 Omne
632 834 822 898 denique
842 850 1073 898 magorum
1103 851 1240 898 genus
1258 835 1366 881 ade-

81 920 150 952 rat
169 906 263 964 illi,
297 908 652 970 operabaturque
687 907 914 971 quotidie,
938 908 1147 955 hortante
1178 908 1260 956 illo
1279 945 1292 966 ‚
1316 912 1368 956 &

85 980 238 1042 gratias
273 980 377 1026 Diis
413 992 600 1042 agente,
628 981 753 1043 quod
781 980 952 1027 amicos
983 997 1141 1027 eorum
1170 980 1368 1027 invenis-

86 1054 178 1109 set3
200 1071 301 1100 cum
335 1054 568 1116 inspiceret
589 1068 689 1099 exta
725 1053 908 1115 puerilia
927 1089 940 1111 ,
962 1055 1010 1101 &
1031 1066 1259 1101 excuteret
1279 1055 1370 1100 ho·-

86 1126 185 1172 stias
208 1126 261 1171 ad
281 1126 412 1190 ritum
434 1125 645 1188 gentilem
667 1125 806 1172 suum.
826 1127 941 1172 Cum
965 1126 1245 1173 consulatum
1268 1126 1370 1173 inis-

87 1197 149 1243 set
168 1233 180 1252 ,
215 1197 261 1243 in
294 1198 545 1259 populum,
574 1213 668 1244 non
701 1215 908 1245 nummos
938 1198 1012 1244 vel
1041 1212 1275 1263 argenteos
1295 1199 1371 1246 vel

87 1289 272 1330 aureos,
301 1273 374 1337 vel
403 1273 612 1330 bellaria,
636 1273 709 1319 vel
737 1273 907 1320 minuta
935 1273 1168 1331 animalia,
1190 1274 1261 1320 sed
1288 1275 1371 1321 bo-

89 1363 168 1392 ves
197 1346 403 1408 opimos,
428 1348 477 1393 &
508 1347 732 1406 camelos,
753 1349 801 1395 &
833 1347 976 1394 asinos
995 1383 1009 1405 ‚
1030 1349 1079 1394 &
1099 1347 1254 1394 servos
1283 1365 1374 1410 po-

89 1417 198 1480 pulo
229 1418 506 1480 diripiendos
540 1418 735 1480 objecit,
757 1418 1098 1480 imperatorium
1130 1418 1175 1464 id
1204 1419 1287 1466 effe
1307 1419 1374 1464 di-

91 1491 262 1538 ctitans.
285 1492 520 1538 InseEtatus
540 1493 600 1538 est
619 1491 779 1539 famam
807 1491 997 1539 Macrini
1022 1491 1286 1547 crudeliter;
1303 1492 1376 1538 sed

90 1565 237 1612 multo
271 1565 408 1628 magis
445 1565 753 1621 Diadumeni,
784 1565 909 1627 quod
940 1563 1202 1610 Antoninus
1234 1564 1376 1611 dictus

92 1637 183 1692 est,
213 1638 627 1696 Pseudoantoninum
658 1639 706 1684 &
734 1638 1133 1700 Pseudophilippum
1168 1651 1268 1682 eum
1293 1652 1376 1697 ap-

93 1709 263 1771 pellans
279 1743 293 1764 ‚
309 1708 434 1753 fimul
454 1709 597 1771 quod,
618 1726 718 1755 cum
736 1707 1106 1755 luxuriofiffimus
1129 1707 1377 1763 exstitiffet‚

94 1780 168 1826 vir
187 1779 468 1835 forfiffimus,
495 1781 696 1843 optimus
712 1817 725 1838 ,
745 1781 1051 1844 graviffimuS,
1079 1779 1379 1826 severiffimus

94 1853 330 1899 diceretur.
353 1853 517 1917 Coegit
538 1854 732 1918 denique
760 1855 998 1917 scriptores
1023 1853 1272 1901 nonnullos
1295 1871 1379 1900 ne-

94 1926 255 1981 fanda,
281 1926 422 1973 immo
464 1928 617 1990 potius
646 1945 740 1974 non
766 1927 945 1975 ferenda
969 1927 1060 1988 ejus
1088 1927 1202 1974 dicta
1230 1928 1285 1974 de
1307 1928 1380 1974 lu-

95 1997 222 2045 xuria
248 1997 466 2060 disputare
486 2034 501 2057 ‚
528 1999 573 2045 in
605 1999 699 2046 vita
729 1998 834 2060 ejus.
868 2002 1121 2047 Lavacrum
1151 1999 1380 2062 publicum

97 2072 146 2119 in
179 2071 345 2120 aedibus
382 2073 537 2120 aulicis
567 2073 700 2129 fecit;
731 2074 856 2121 fimul
894 2075 943 2123 &
979 2073 1173 2120 Plautini
1203 2074 1382 2136 populo

98 2146 326 2204 exhibuit,
344 2159 395 2193 ut
418 2163 474 2194 ex
495 2164 551 2195 eo
570 2148 858 2195 conditiones
878 2149 992 2195 bene
1012 2147 1268 2195 vasatorum
1290 2148 1382 2194 ho-

98 2219 272 2266 minum
297 2219 542 2282 colligeret.
571 2220 709 2282 quue
728 2220 962 2284 diligenter
989 2231 1191 2267 curatum
1214 2217 1300 2274 est,
1331 2229 1383 2266 ut

100 2307 155 2337 ex
182 2302 278 2336 tota
303 2291 477 2353 penitus
504 2293 614 2338 urbe
641 2305 775 2354 atque
799 2309 855 2339 ex
883 2291 1073 2340 nauticis
1106 2291 1383 2338 monobelos

101 2376 385 2425 quaererent:
419 2363 478 2413 fic
510 2380 588 2414 eos
608 2365 916 2430 appellabant,
943 2365 1020 2430 qui
1052 2363 1278 2414 viriliores
1307 2362 1383 2417 vie

104 2435 338 2486 debantur.
