1637 2785
1270 129 1354 179 ¹33

246 380 496 451 AELII
556 379 1210 478 SPARTIANI

75 606 572 696 DIDIUS
651 555 1354 691 JiJLIANUs

672 820 768 861 AD

284 970 927 1019 DIOCLETIANUM
979 973 1170 1022 AUG0*
1262 983 1265 986 ’

64 1324 98 1367 1.
134 1282 345 1369 Dmlo
364 1317 566 1376 Iuliano,
592 1318 667 1381 qui
690 1318 786 1381 post
811 1319 1088 1368 Pertinacem
1109 1319 1349 1384 imperium

63 1394 250 1452 adeptus
266 1394 326 1438 est
344 1428 359 1449 ‚
375 1409 574 1454 proavus
594 1392 677 1438 fuit
691 1392 868 1439 Salvius
883 1393 1082 1441 Julianus
1097 1429 1110 1450 ‚
1131 1393 1197 1440 bis
1220 1394 1349 1440 Con-

64 1468 160 1524 sul,
180 1467 415 1515 Praefeflus
438 1467 575 1522 Urbi,
595 1468 643 1514 &
667 1466 1006 1525 iurisconsultus
1027 1485 1037 1514 :
1059 1467 1182 1531 quod
1209 1467 1348 1531 magis

61 1559 166 1588 eum
187 1541 385 1587 nobilem
405 1541 521 1587 fecit.
539 1554 705 1594 mater,
721 1540 849 1586 Clara
874 1540 1050 1587 AEmilia
1069 1558 1080 1587 :
1105 1553 1243 1601 pater,
1263 1543 1346 1587 Pe-

63 1615 239 1660 tronius
273 1614 435 1660 Didius
460 1614 651 1659 Severus
677 1630 688 1658 :
722 1611 906 1669 fratres,
937 1612 1102 1659 Didius
1128 1614 1344 1660 Proculus

52 1688 111 1733 ἃ
147 1686 385 1732 Nummius
426 1685 651 1731 Albinus:
679 1685 933 1733 avunculus
957 1720 969 1742 ‚
1002 1684 1177 1732 Salvius
1210 1686 1348 1733 Julia-

57 1773 166 1804 nus:
188 1773 300 1803 avus
327 1770 559 1815 paternus,
580 1755 762 1802 Insuber
787 1755 1159 1811 Mediolanenfi53
1183 1771 1345 1802 mater—

58 1846 174 1887 nus,
202 1846 256 1876 ex
288 1829 615 1876 Adrumentina
648 1829 848 1876 colonia.
881 1829 1108 1876 Educatus
1135 1828 1196 1875 est
1227 1828 1346 1890 apud

55 1901 312 1948 Domitiam
355 1902 570 1948 Lucillam
594 1936 607 1958 ‚
645 1914 828 1947 matrem
864 1902 1006 1947 Marci
1044 1902 1347 1964 Imperatoris.

57 1977 179 2020 Inter
220 1973 379 2036 viginti
427 1974 553 2020 viros
593 1974 756 2021 elefihis
803 1974 863 2020 est
884 2009 897 2029 ‚
939 1974 1150 2038 suffragio
1192 1974 1344 2022 matris

56 2046 215 2093 Marci.
245 2045 456 2105 Quaestor
484 2058 584 2092 ante
619 2063 813 2107 annum,
844 2063 977 2108 quam
1009 2046 1205 2108 legitima
1239 2059 1344 2092 κτεὶς

55 2117 251 2172 sinebat,
279 2116 522 2180 designatus
549 2117 622 2164 est.
648 2118 920 2164 AEdilitatem
952 2117 1159 2179 suffragio
1197 2116 1347 2163 Marci

54 2189 324 2237 consecutus
353 2190 429 2237 est.
456 2191 628 2237 Praetor
653 2190 848 2250 ejusdem
877 2189 1085 2253 suffragio
1116 2189 1217 2237 fuit,
1241 2189 1349 2237 120st

55 2261 502 2328 praeturam-legioni
541 2262 718 2324 praefuit
752 2264 800 2310 in
840 2264 1083 2310 Germania
1119 2261 1343 2310 vicefimae

53 2338 261 2385 secundae
298 2335 588 2397 Primigeniae.
618 2336 724 2382 Inde
760 2337 982 2400 Belgicam
1009 2335 1153 2382 sanae
1179 2351 1233 2382 ac
1260 2336 1338 2382 diu

24 2450 25 2453 ,
57 2411 188 2461 texit.
216 2408 282 2456 Ibi
305 2407 499 2456 Cauchis
514 2443 529 2469 ,
562 2409 820 2458 Germaniae
842 2407 1023 2473 populis
1041 2444 1061 2464 ‚
1077 2408 1156 2473 qui
1187 2407 1341 2456 Albim

1001 2485 1079 2545 ¹3
