1637 2785
298 127 584 175 PROBUS
633 126 1093 173 IMPERATOR.
1266 143 1352 177 221

70 239 148 286 vel
189 254 267 301 per
300 224 551 292 terrorem,
583 235 657 283 vel
686 251 764 297 per
796 234 1080 281 voluntatem
1101 269 1113 289 ,
1150 234 1250 282 loca
1291 235 1359 282 in·

69 312 234 377 greffus
260 311 344 358 est:
375 326 478 372 quae
509 325 609 355 cum
642 308 929 371 peragrasset,
955 308 1209 366 hocedixit,
1229 313 1359 357 Faci-

68 392 154 434 lius
183 387 236 453 ψ
263 387 316 431 ab
342 384 427 449 istis
459 386 561 429 locis
590 385 770 428 latrones
799 385 952 439 arceri,
977 401 1103 443 quam
1133 386 1238 429 tolli.
1280 400 1359 430 ve-

67 460 226 507 teranis
269 456 423 504 omnia
463 456 536 502 illa
562 491 574 513 ‚
606 453 707 517 q'uae
743 455 927 517 anguste
968 455 1187 501 adeuntur
1211 491 1225 514 ‚
1255 455 1360 504 loca

66 532 244 595 privata
271 527 493 587 donavit,
523 527 717 583 addens,
746 540 795 574 ut
819 543 980 574 eorum
1010 526 1116 584 filii,
1151 529 1204 575 ab
1232 546 1358 578 anno

64 605 233 652 ottavo
249 603 428 651 decimo
446 638 460 661 ,
480 617 622 648 mares
643 601 903 659 dumtaxat,
917 601 969 647 ad
985 601 1183 648 militiam
1206 604 1358 652 mitte-

63 690 245 731 rentur,
260 692 316 723 ne
334 687 435 722 ante
455 673 732 731 latrocinari,
748 672 1108 737 quam‘militare‚
1126 673 1359 723 discerent.

128 752 273 798 Xvu.
294 748 464 796 Pacatis
479 747 672 810 denique
693 746 904 794 omnibus
923 747 1199 811 Pamphyliae
1219 750 1358 811 parti-

63 822 174 881 bus»,
200 835 535 883 ceterarumque
555 819 917 882 provinciarum,
936 836 1037 882 quae
1057 819 1154 866 sunt
1182 821 1356 870 Isauriae

64 897 262 954 vicinae,
297 896 352 943 ad
392 895 629 942 Orientem
672 894 757 942 iter
799 893 939 941 flexit.
976 894 1185 957 Blemyas
1222 895 1358 944 etiam

62 967 263 1031 subegit:
297 984 498 1032 quorum
529 967 738 1030 captivos
766 969 959 1014 Romam
987 968 1246 1028 transmisit,
1277 970 1358 1036 qui

62 1040 311 1088 mirabilem
332 1040 393 1086 sui
409 1038 571 1099 visum,
585 1040 788 1103 stupente
805 1039 980 1102 populo
995 1040 1226 1100 Romano,
1242 1061 1359 1106 prae-

62 1112 272 1160 buerunt.
297 1113 487 1174 Copton
513 1127 726 1174 praeterea
757 1113 805 1160 &
840 1111 1161 1160 Ptolemaidem
1191 1116 1322 1163 urbes
1340 1152 1357 1176 ,

62 1200 236 1248 ereptas
277 1184 516 1232 barbarico
553 1184 767 1241 servitio,
797 1185 1012 1231 Romano
1047 1186 1217 1234 addidit
1252 1187 1357 1250 juri.

64 1260 134 1305 Ex
168 1274 263 1322 quo
289 1271 458 1305 tantum
482 1257 705 1319 profecit,
728 1269 777 1303 ut
803 1257 952 1303 Parthi
972 1258 1143 1321 legatos
1173 1260 1226 1308 ad
1252 1278 1355 1310 eum

61 1329 316 1387 mitterent,
343 1328 610 1389 confitentes
636 1329 843 1376 timorem
860 1365 872 1387 ,
897 1346 1140 1393 pacemque
1161 1333 1351 1395 poscen-

60 1413 163 1450 tes:
194 1419 310 1466 quos
338 1403 412 1450 ille
441 1403 669 1464 superbius
704 1415 915 1464 acceptos
935 1437 946 1459 ,
981 1404 1116 1467 magis
1147 1406 1355 1457 timentes

60 1476 247 1524 domum
282 1477 462 1525 remifit.
494 1480 647 1524 Fertur
666 1477 800 1522 etiam
831 1476 1017 1538 epistola
1044 1478 1198 1536 illius,
1216 1497 1350 1543 repu-

61 1549 192 1596 diatis
213 1549 347 1597 donis
363 1586 376 1608 ,
398 1568 499 1614 quae
526 1567 602 1597 rex
623 1551 892 1596 Parthorum
924 1549 1128 1609 miserat,
1149 1553 1203 1599 ad
1231 1555 1353 1603 ‚Nar-

60 1621 180 1668 seum
202 1623 301 1670 talis
331 1623 455 1669 fuiffe
476 1642 487 1671 ε
523 1625 685 1680 Miror,
709 1640 746 1670 te
778 1627 826 1670 de
842 1620 1076 1684 ⁷omnibus,
1103 1646 1189 1687 quae
1215 1632 1352 1697 nostra

55 1695 205 1752 futura
223 1696 355 1756 funt,
376 1711 462 1741 tam
486 1713 628 1756 pauca
649 1694 804 1758 mistffi.
824 1696 990 1742 Habeto
1016 1700 1178 1744 interim
1205 1704 1352 1748 omnia

61 1772 139 1815 illa
155 1804 169 1827 ‚
189 1773 335 1830 quihus
351 1773 508 1832 gaudes
523 1787 540 1816 .·
569 1789 653 1832 quae
667 1771 717 1834 si
742 1789 818 1818 nos
849 1773 991 1817 habere
1007 1776 1249 1834 cupiamus,
1257 1777 1350 1837 fti-

61 1861 182 1900 mus,
213 1848 556 1905 quemadmodum
582 1845 775 1908 pcffidere
793 1849 1020 1893 debeamus,
1039 1848 1122 1894 His
1154 1851 1350 1914 acceptis

60 1916 202 1964 literis
229 1916 418 1965 Narseus
444 1919 637 1965 maxime
661 1920 867 1978 territus,
892 1922 940 1968 &
960 1922 1348 1987 praecipue‚quod

60 1988 250 2050 Copton
281 1991 329 2037 &
356 1990 678 2037 Ptolemaidem
709 1991 934 2054 comperit
958 2010 981 2039 a
1012 1995 1236 2059 Blemyis,
1266 1997 1345 2060 qui

61 2078 131 2109 eas
156 2074 416 2122 tenuerant,
439 2064 710 2120 vindicatas,
732 2065 956 2129 caesosque
986 2068 1041 2113 ad
1068 2069 1344 2118 internecio-

63 2151 165 2182 nem
198 2152 307 2194 eos,
326 2136 402 2199 qui
435 2138 642 2201 gentibus
670 2137 846 2185 fuerant
871 2153 973 2184 ante
1006 2140 1183 2189 terrori.

125 2210 291 2257 XVHI.
310 2211 431 2257 Facta
456 2211 592 2274 igitur
612 2227 720 2273 pace
741 2224 843 2259 cum
872 2210 1037 2268 Perfis,
1063 2213 1115 2258 ad
1135 2213 1346 2263 Thracias

62 2281 224 2341 rediit,
253 2284 304 2331 &
337 2295 515 2331 centum
545 2284 683 2330 millia
716 2285 1020 2331 Bastarnarum
1044 2284 1089 2331 in
1120 2285 1215 2333 solo
1252 2287 1343 2334 Ro-

61 2371 199 2403 mano
225 2355 482 2403 constituit:
503 2358 579 2420 qui
607 2374 765 2405 omnes
782 2357 915 2404 fidem
934 2357 1239 2407 servaverunt.
1259 2363 1344 2409 Sed

62 2444 165 2478 cum
198 2429 249 2478 δι
274 2445 330 2477 ex
353 2428 447 2478 aliis
480 2429 688 2494 gentibus
709 2431 945 2496 plerosque
964 2433 1129 2496 pariter
1154 2434 1343 2492 transtuff
