1714 2807
315 135 407 197 164

465 477 717 547 AELII
792 482 1428 558 SPARTIANI

359 673 1115 758 PESCENNIUS
1163 684 1530 762 NIGER

897 854 988 894 AD

526 1002 1130 1054 DIOCLETIANUM
1182 1007 1354 1075 AUG.

299 1355 334 1402 1.
372 1315 606 1401 RARUM
636 1362 770 1415 atque
795 1350 975 1398 difficile
1002 1350 1062 1399 est
1081 1387 1094 1410 ‚
1115 1363 1192 1409 ut,
1212 1368 1326 1415 quos
1352 1363 1571 1417 tyrannos

298 1426 489 1473 aliorum
515 1423 702 1470 viiloria
731 1422 910 1480 fecerit,
939 1425 1051 1470 bene
1076 1424 1303 1471 mittantur
1323 1426 1367 1472 in
1399 1426 1570 1474 literas:
1610 1469 1613 1473 ,

298 1512 428 1561 atque
453 1497 556 1543 ideo
587 1495 666 1540 vix
696 1495 847 1541 omnia
875 1496 927 1541 de
948 1496 1015 1542 his
1041 1496 1170 1557 plene
1190 1497 1235 1542 in
1267 1499 1570 1545 monumentis

296 1586 430 1634 atque
454 1568 682 1616 annalibus
711 1565 940 1614 habentur'.
965 1568 1159 1614 Primum
1181 1570 1297 1615 enirn
1313 1605 1327 1627 ‚
1345 1587 1446 1632 quae
1478 1589 1570 1617 tna-

297 1663 382 1712 gna
402 1646 497 1691 sunt
518 1643 563 1689 in
584 1658 740 1689 eorum
761 1641 982 1688 honorem
997 1678 1008 1700 ,
1032 1643 1085 1688 ab
1104 1641 1391 1705 scriptoribus
1415 1644 1570 1706 depra-

294 1731 493 1772 vantur,
525 1714 683 1761 deinde
707 1713 789 1759 alia
827 1713 1184 1775 supprimuntur,
1208 1714 1436 1776 postremo
1476 1733 1570 1762 non

294 1806 456 1855 magna
486 1785 711 1850 diligentia
737 1785 781 1832 in
811 1802 965 1832 eorum
996 1802 1154 1849 genere
1181 1803 1230 1834 ac
1258 1789 1347 1833 vita
1379 1788 1570 1851 requiri-

294 1876 392 1912 tur:
411 1876 510 1907 cum
534 1857 630 1903 satis
660 1857 709 1903 {it
729 1892 742 1914 ‚
766 1857 992 1904 audaciam
1016 1873 1171 1904 eorum
1190 1892 1203 1915 ,
1226 1859 1274 1905 δι
1300 1858 1491 1916 bellum,
1523 1858 1568 1904 in

294 1952 391 2002 quo
423 1931 527 1980 viffl
559 1929 758 1988 fuerint,
793 1947 843 1977 ac
876 1948 1051 1992 poenam
1073 1966 1087 1988 ‚
1126 1930 1339 1993 proferre.
1379 1931 1566 1979 Pescen-

292 2009 395 2056 nius
428 2021 535 2068 ergo
561 2003 726 2066 Niger,
754 2017 801 2048 ut
820 2004 892 2050 alii
925 2004 1129 2060 tradunt,
1160 2003 1350 2050 modicis
1370 2004 1566 2067 parenti·

245 2102 250 2107 ·
291 2083 407 2137 bus,
432 2090 479 2124 ut
506 2076 608 2134 alii,
641 2075 868 2122 nobilibus
900 2075 1020 2122 fuisse
1050 2076 1238 2122 dicitur:
1268 2090 1389 2137 patre
1414 2076 1566 2122 Annio

292 2154 436 2201 Fusco
452 2186 464 2206 ,
485 2162 621 2196 matre
653 2148 902 2210 Lampridia
919 2183 931 2204 ,
960 2165 1050 2194 avo
1073 2161 1280 2194 curatore
1301 2147 1488 2210 Aquini,
1511 2164 1567 2194 ex

294 2244 380 2290 qua
412 2223 573 2270 familia
607 2221 827 2285 originem
858 2221 1076 2269 ducebat:
1109 2221 1232 2282 quod
1269 2220 1445 2283 quidem
1485 2220 1565 2265 du-

293 2302 419 2347 bium
448 2297 578 2343 etiarn
610 2311 728 2342 nunc
761 2294 958 2340 habetur.
988 2294 1072 2339 Hic
1102 2294 1297 2342 eruditus
1326 2293 1565 2341 mediocri-

291 2373 376 2421 bus
397 2369 533 2415 literis
550 2405 562 2426 ,
582 2367 784 2414 moribus
809 2366 935 2437 [ει-10)(
954 2402 970 2424 ,
988 2367 1159 2413 divitiis
1182 2367 1313 2413 etiam
1336 2368 1563 2424 modicus,

291 2443 387 2496 vita
415 2458 596 2508 parcuS,
618 2440 812 2491 libidinis
835 2439 1055 2492 effrenatae
1084 2441 1136 2491 ad
1163 2456 1297 2491 omne
1325 2457 1462 2504 genus
1484 2458 1560 2488 cu·
