1714 2807
308 150 367 197 28
469 181 472 184 -
502 149 632 196 AELII
668 147 985 194 SPARTIANI
1021 148 1392 197 HADRIANUS.

303 257 496 305 senatum
526 255 701 302 ululans
726 254 880 303 venit:
902 267 1061 302 contra
1093 272 1225 320 quem
1250 257 1499 304 Hadrianus
1524 257 1586 306 ita

303 342 456 378 motus
475 328 536 376 est
551 363 566 387 ,
594 328 715 392 quafi
734 328 787 374 de
806 327 876 374 sua
893 341 1036 374 morte
1055 327 1316 392 loqueretur
1334 347 1348 386 ;
1369 347 1469 378 cum
1489 329 1585 391 ejus

303 402 445 450 verba
477 401 625 448 nullus
644 399 915 464 agnosceret.
941 400 1058 446 Idem
1082 417 1185 447 cum
1207 401 1343 449 vellet
1361 402 1406 447 in
1432 402 1583 451 senatu

304 474 477 533 dicere,
507 476 606 540 Post
620 475 711 534 filii
735 475 814 520 mei
834 489 999 519 mortem
1009 492 1029 529 ;
1059 475 1157 540 Post
1172 491 1335 520 mortem
1361 493 1490 521 meam
1511 476 1583 522 di-

302 547 386 594 xit.
414 546 669 593 Somniavit
697 554 935 607 praeterea‚
959 545 1001 592 se
1028 561 1051 592 a
1080 558 1200 608 patre
1238 546 1472 608 potionem
1509 546 1584 592 so-

304 618 549 681 poriferam
586 616 848 680 impetraffe.
875 617 981 666 item
1016 618 1290 679 somniavit,
1320 636 1344 666 a
1371 618 1504 666 leone
1540 618 1585 666 se

306 691 563 754 oppreffum
590 689 690 737 effe.

369 765 558 810 XXVII.
576 765 625 809 In
644 774 875 811 mortuum
892 781 994 811 eum
1012 781 1035 811 a
1056 764 1209 811 multis
1230 764 1367 811 multa
1390 763 1491 810 sunt
1515 763 1586 811 di-

306 838 385 885 asta.
405 838 511 883 Aeta
529 837 622 898 ejus
640 835 766 883 irrita
788 836 884 884 fieri
908 838 1080 884 senatus
1101 838 1300 885 volebat.
1326 854 1408 885 nec
1436 837 1587 899 appel-

303 912 418 958 latus
451 911 554 958 effet
584 913 764 970 Divus,
795 912 876 958 nifi
913 912 1175 960 Antoninus
1209 912 1414 974 rogaffet.
1445 913 1586 958 Tem-

304 985 428 1048 plum
450 984 641 1048 denique
656 985 695 1031 ei
713 1020 727 1041 ‚
747 1002 830 1048 pro
852 985 1084 1048 sepuIcm,
1104 985 1220 1048 apud
1238 985 1452 1032 Puteolos
1473 1002 1586 1032 con-

305 1056 474 1113 stituit,
504 1057 553 1103 &
582 1056 916 1119 quinquennale
949 1069 1170 1103 certamen
1188 1092 1201 1113 ,
1221 1058 1269 1104 &
1290 1056 1514 1114 flamines,
1533 1058 1586 1105 &

305 1127 475 1174 sodales
493 1163 506 1185 ‚
527 1128 576 1175 ὅ(
596 1127 735 1173 multa
755 1127 841 1174 alia
857 1161 871 1184 ‚
905 1143 1005 1190 quae
1027 1128 1081 1173 ad
1108 1128 1334 1174 honorem
1365 1128 1483 1190 quasi
1502 1145 1585 1173 nu-

305 1200 438 1247 minis
477 1200 764 1264 pertinerent.
795 1218 884 1264 qua
919 1217 966 1247 re
988 1236 1002 1257 ‚
1041 1211 1090 1246 ut
1134 1200 1262 1262 supra
1294 1201 1461 1249 diuum
1494 1200 1586 1263 est,

306 1271 437 1320 multi
466 1285 657 1337 putant,
685 1272 969 1322 Antoninum
997 1272 1127 1320 Pium
1154 1273 1333 1324 dmum.

813 1472 1137 1507 ⁵·———--‡
