1714 2807
344 157 433 206 130
593 139 1378 192 JUL11CAP1TOL1N1

336 262 406 299 tas
443 248 692 298 exercuerit
721 249 973 313 Imperator
1013 265 1090 312 per
1122 251 1330 298 homines
1362 251 1486 311 suos,
1524 265 1618 301 non

337 317 491 383 aliterj
517 340 651 387 quam
681 323 883 387 privatus
917 323 1098 372 solebat.
1133 341 1216 372 nec
1249 325 1434 372 multum
1471 339 1619 374 tamen

335 410 504 445 amatus
529 394 601 444 est.
624 395 851 460 Siquidem
871 412 1052 455 omnes,
1071 397 1146 459 qui
1164 397 1300 444 libere
1320 397 1484 444 fabulas
1508 415 1619 445 con-

336 464 560 529 ferebant,
598 469 711 516 male
741 469 1018 517 Pertinacem
1053 471 1380 532 loquebantur,
1409 473 1619 537 clzrqlolo-

332 562 430 608 gum
455 559 557 591 eum
583 541 880 605 appellantes,
900 542 977 605 qui
1006 542 1116 588 bene
1140 542 1427 606 loqueretur,
1447 546 1494 591 &
1522 561 1618 589 ma-

334 617 376 664 le
404 614 586 664 faceret.
622 615 737 662 Nam
763 615 813 661 &
842 613 968 661 cives
1003 614 1094 673 sui,
1123 615 1198 679 qui
1225 616 1279 662 ad
1309 633 1409 663 eum
1442 617 1617 664 conflu-

333 701 491 736 xerant
513 686 601 750 jam
622 688 941 748 Imperatorem
957 721 971 745 ,
990 687 1037 734 &
1057 685 1169 733 nihil
1190 687 1242 734 de
1261 704 1316 734 eo
1339 702 1615 746 meruerant,

332 760 393 808 fic
414 775 516 807 eum
545 756 842 821 appellabant.
869 758 1059 805 Munera
1085 774 1267 821 quoque
1290 760 1403 808 lucri
1433 761 1617 808 libidine

330 831 523 879 libenter
561 827 748 892 accepit.
790 827 989 891 Reliquit
1024 826 1167 876 filium
1201 830 1250 876 δι
1291 829 1426 877 filiam
1465 831 1616 893 super-

331 903 477 960 stites,
502 903 551 950 &
578 917 768 948 uxorem
791 936 804 956 ‚
831 899 972 947 Flavii
1002 900 1241 962 Sulpiciani
1279 900 1439 960 filiam,
1460 913 1613 965 ⁴quem

332 974 595 1022 Praefectum
617 972 732 1021 Urbi
759 972 870 1019 loco
898 969 979 1018 suo
1004 970 1184 1020 fecerat.
1202 973 1332 1020 Circa
1355 973 1513 1021 uxoris
1533 991 1616 1036 pu-

331 1046 529 1094 dicitiam
558 1043 707 1092 minus
732 1043 933 1092 curiosus
959 1043 1066 1100 fuit,
1092 1060 1192 1091 cum
1224 1044 1368 1105 palam
1402 1045 1614 1093 citharoe-

330 1121 437 1168 dum
469 1119 543 1166 illa
573 1117 800 1182 diligeret:
834 1116 924 1179 ipse
955 1131 1167 1179 praeterea
1199 1117 1461 1165 Cornificiae
1498 1119 1616 1165 infa-

331 1193 518 1241 miffime
533 1190 941 1238 dicituradbaefifl'e.
962 1191 1167 1237 Libertos
1186 1191 1357 1239 aulicos
1376 1192 1614 1239 vehemen-

331 1268 488 1317 tiffime
507 1265 784 1329 compreffit:
802 1265 919 1312 unde
937 1265 1104 1329 grande
1123 1281 1308 1329 quoque
1327 1266 1480 1313 odium
1502 1283 1614 1314 con-
1692 1261 1698 1266 ’

331 1356 481 1391 traxit.

394 1416 521 1463 XIV.
549 1411 680 1477 Signa
708 1412 911 1459 interitus
934 1413 1031 1459 haec
1060 1412 1253 1461 fuerunt.
1283 1414 1377 1475 Ipse
1402 1428 1503 1460 ante
1530 1414 1612 1460 tri-

331 1488 496 1544 duum,
525 1503 661 1550 quam
691 1487 1002 1545 occideretur,
1026 1487 1072 1533 in
1104 1487 1269 1549 piscina
1298 1487 1375 1533 fibi
1407 1488 1524 1535 visus
1552 1489 1613 1535 est

330 1560 485 1607 videre
502 1557 733 1606 hominem
758 1574 859 1604 cum
880 1558 1029 1621 gladio
1054 1557 1350 1605 infestantem.
1369 1561 1423 1604 Et
1440 1575 1488 1606 ea
1510 1560 1579 1606 die
1595 1596 1610 1617 ‚

330 1650 420 1698 qua
451 1630 626 1679 occisus
660 1620 747 1688 est,
785 1631 1006 1694 negabant
1034 1630 1078 1677 in
1116 1631 1261 1678 oculis
1296 1630 1390 1691 ejus
1425 1632 1612 1694 pupillas

334 1722 437 1754 curn
463 1702 731 1768 imaginibus
749 1739 762 1760 ,
781 1719 889 1766 quas
917 1703 1109 1750 reddunt
1141 1703 1434 1766 spectantibus
1449 1739 1462 1760 ,
1483 1704 1613 1753 visas,

332 1779 388 1825 Et
417 1794 516 1825 cum
543 1777 659 1839 apud
695 1779 824 1824 Lares
854 1775 1148 1835 sacrificaret,
1172 1780 1390 1825 carbones
1418 1778 1612 1826 vivacis-

332 1849 430 1899 fimi
455 1848 652 1896 exstinffi
673 1848 798 1907 sunt,
818 1866 920 1897 cum
942 1850 1207 1897 inflammari
1235 1851 1425 1898 soleant:
1453 1853 1530 1907 &‚
1561 1864 1611 1899 ut

334 1922 465 1984 supra
493 1920 655 1968 dietum
687 1920 771 1978 est,
802 1937 883 1969 cor
911 1921 963 1969 &
993 1936 1127 1984 caput
1163 1923 1208 1968 in
1238 1921 1392 1968 hostiis
1423 1938 1516 1968 non
1549 1923 1610 1968 est

333 2006 571 2058 repertum.
600 1993 746 2039 Stellae
778 1993 910 2040 etiam
943 1993 1069 2054 juxta
1105 1995 1242 2041 solem
1276 2011 1354 2056 per
1384 1994 1499 2041 diem
1538 1995 1609 2042 vi-

333 2066 389 2114 sae
410 2065 507 2112 sunt
536 2064 808 2122 clariffimae‚
829 2079 929 2112 ante
956 2065 1072 2113 diem
1093 2083 1225 2129 quam
1253 2066 1413 2112 obiret.
1436 2067 1490 2112 Et
1520 2067 1610 2128 ipse

318 2154 471 2185 ‚omen
504 2137 558 2183 de
592 2137 769 2184 Juliano
804 2136 1048 2185 successore
1093 2138 1254 2185 dediffe
1292 2139 1468 2185 dicitur.
1506 2157 1608 2186 narn

332 2227 434 2259 cum
452 2209 494 2256 ei
516 2207 680 2257 Didius
704 2208 900 2256 Julianus
928 2208 1072 2256 fratris
1099 2208 1240 2256 filium
1269 2210 1518 2268 obtulisset,
1535 2211 1607 2256 cui

331 2282 635 2345 despondebat
668 2281 802 2328 filiam
834 2281 950 2330 suam
970 2319 985 2339 ‚
1017 2283 1275 2330 adhortatus
1311 2282 1520 2343 juvenem
1555 2284 1609 2329 ad

334 2355 477 2417 patrui
506 2353 869 2402 observationem
886 2392 898 2412 ‚
919 2355 1103 2416 adjecit,
1139 2358 1321 2418 Observa
1351 2361 1541 2418 collegam
1567 2355 1607 2403 δ’

322 2427 578 2493 [ασσεβοκνη
600 2446 754 2476 meum:
782 2445 881 2476 nam
909 2442 1009 2476 ante
1040 2428 1236 2476 Julianus
1257 2429 1299 2476 ei
1330 2430 1378 2476 δι
1408 2430 1455 2475 in
1479 2430 1607 2474 Con-
