1714 2807
298 164 431 199 xvm
544 151 915 196 NOTITIA
949 151 1420 199 LITERARIA

294 254 556 306 Acer-ianus,
582 267 714 313 quem
747 251 851 297 citat
882 250 1105 313 Vopiscus
1144 251 1188 296 in
1214 252 1358 298 XXX
1393 252 1575 315 Tyrana

293 325 363 370 nis
387 342 483 384 cap.
514 326 542 370 6
559 360 571 381 ,
591 324 667 370 ubi
696 324 751 371 de
781 323 1017 370 Viftorino
1040 341 1051 370 :
1087 325 1135 371 &
1155 324 1232 384 qui
1252 324 1412 371 Graece
1435 324 1573 372 vitam

292 397 520 444 Aureliani
553 397 798 453 tradidere,
826 399 1113 444 Callz'cratidcs
1129 396 1299 460 Tyrius
1315 432 1328 454 ‚
1352 400 1541 444 Theocles
1559 430 1575 453 ‚

290 471 458 518 laudati
489 472 546 517 ab
572 472 731 518 eodem
766 471 995 532 Vopisco,
1025 470 1104 517 ubi
1142 469 1363 516 nerninem
1395 487 1495 517 ante
1529 470 1573 517 se

289 542 446 588 Latine
486 543 602 588 idem
641 541 787 588 fecisse
822 542 1019 589 testatur.
1065 544 1404 603 Asclepiodotum
1436 542 1573 589 etiam

289 613 438 660 laudat
466 613 690 676 Vopiscus
709 613 756 659 in
773 614 1017 660 Aureliano
1039 630 1134 675 cap.
1161 632 1249 673 44,
1275 614 1352 659 ubi
1379 614 1432 660 de
1451 615 1572 660 Dio-

287 685 486 732 cletiano
510 686 626 748 agit,
651 683 742 733 sive
769 685 892 748 quod
921 685 1090 748 aliquid
1126 685 1181 732 ab
1216 685 1574 747 Asclepiodoto,

287 758 369 820 qui
411 758 487 804 sub
525 757 794 804 Constantio
825 757 1062 804 Praefeuus
1096 758 1316 804 Praetorio
1348 758 1460 815 fuit,
1484 774 1570 806 co-

286 847 380 876 ram
413 844 670 890 acceperat;
692 848 793 878 nam
824 831 884 877 ita
913 834 963 874 δε
995 843 1164 888 patrem
1186 831 1309 877 suum
1339 847 1570 893 avumque

286 902 342 947 ad
384 900 690 946 testimonium
738 897 961 959 Vopiscus
1009 897 1148 945 citat:
1185 897 1279 944 sive
1321 898 1483 961 quod,
1518 911 1568 946 ut

288 973 448 1020 Voffio
489 973 663 1030 visum,
699 969 982 1018 Diocletiani
1035 969 1174 1016 vitam
1218 969 1568 1034 Asclepiodotus

285 1046 469 1108 scripsit.
488 1047 605 1092 Cum
626 1045 743 1092 Julio
759 1043 1050 1106 Capitoline,
1072 1042 1317 1089 videndum
1332 1078 1345 1100 ‚
1362 1060 1417 1089 an
1439 1059 1569 1090 com-

283 1137 421 1168 mune
464 1119 633 1181 aliquid
673 1118 724 1164 fit
760 1120 950 1164 Comello
980 1120 1246 1177 Gipieoli'no,
1278 1133 1408 1178 quem
1457 1117 1590 1165 citat>

284 1193 404 1240 idem
426 1192 647 1254 Vopiscus
678 1190 724 1236 in
754 1191 899 1236 XXX
925 1191 1156 1252 Tyrannis
1175 1206 1272 1251 cap.
1302 1207 1382 1248 14,
1403 1190 1478 1236 ubi
1509 1191 1564 1236 de

248 1258 254 1274 ³
285 1266 514 1312 Odenato.
534 1266 608 1311 De
629 1263 730 1310 vitis
752 1265 1076 1324 Imperatorum
1092 1297 1104 1318 ,
1124 1279 1148 1308 a
1175 1266 1428 1323 spartiano,
1443 1263 1562 1308 ,Iulio

286 1341 529 1399 Capitolino
561 1335 642 1383 δέ.
672 1335 844 1397 scriptis
877 1352 901 1382 a
933 1333 1021 1381 fine
1054 1331 1238 1392 Trajani
1266 1344 1313 1390 ¹,
1344 1335 1396 1380 ad
1438 1333 1563 1380 Dio-

283 1411 461 1457 cletiani
483 1409 687 1466 initium,
711 1409 799 1454 hoc
818 1407 904 1466 est,
925 1408 977 1454 ab
994 1423 1030 1454 a.
1051 1408 1104 1453 C.
1130 1423 1216 1470 157
1235 1407 1286 1453 ad
1313 1409 1421 1465 284,
1445 1423 1562 1452 con-

283 1482 351 1529 fer
383 1482 513 1528 etiam
532 1517 548 1540 ,
578 1482 609 1527 fi
640 1481 806 1543 placet,
831 1478 1115 1526 Tillemontii
1146 1479 1387 1524 Historiam
1417 1481 1562 1540 Impe-

283 1567 486 1600 ratorum
508 1554 563 1599 T.
584 1555 676 1610 lV,
698 1570 741 1614 p.
763 1569 823 1614 99
850 1552 907 1614 sq.
927 1551 1030 1598 edit.
1060 1549 1355 1596 Bruxellenfis
1370 1584 1383 1606 ‚
1399 1552 1443 1595 δι
1472 1569 1562 1613 529

285 1627 373 1688 seq.
413 1626 502 1672 Etsi
543 1637 689 1672 autem
725 1624 858 1670 valde
892 1622 1075 1670 dubium
1107 1623 1201 1680 est,
1230 1638 1330 1685 quae
1365 1622 1498 1678 vitae,
1534 1639 1561 1669 a

283 1699 481 1762 quibus,
521 1696 692 1759 scriptae
734 1695 852 1752 fint,
892 1696 997 1758 quia
1040 1694 1305 1756 scriptorum
1349 1693 1559 1742 codicum

281 1771 394 1817 mira
423 1771 506 1816 hac
535 1769 580 1814 in
615 1779 735 1830 parte
765 1766 826 1812 est
854 1767 1068 1822 varietas,
1097 1764 1284 1829 fingulas
1312 1780 1455 1811 tamen
1477 1780 1561 1810 or-

281 1843 385 1889 dine
424 1841 726 1897 recensentes,
754 1856 958 1901 quaenam
991 1839 1234 1900 unicuique
1263 1836 1560 1883 verisimiliter

281 1913 581 1962 adscribendae
633 1912 870 1959 videantur
890 1945 904 1967 ,
947 1910 1154 1955 virorum
1201 1907 1559 1956 doffiffimorum

281 1986 421 2037 secuti
446 1985 690 2048 judicium,
715 1983 867 2048 paucis
895 1981 1204 2030 indicabimus.

339 2179 372 2204 1.
400 2161 552 2216 Traiani
587 2163 706 2201 vitam
743 2160 886 2213 scripse·
950 2172 992 2198 ro
1019 2172 1098 2211 cap.
1121 2157 1187 2217 „48⁵
1214 2156 1383 2196 Avidi'um
1410 2152 1556 2204 Caffium

279 2231 360 2258 rant
388 2220 532 2257 Marius
571 2218 757 2255 filaximus
777 2244 789 2262 ‚
818 2217 885 2253 Fa-
950 2214 985 2250 in
1006 2215 1083 2252 vita
1105 2211 1230 2250 Severi
1255 2211 1372 2249 laudat
1398 2209 1556 2261 Poggius

279 2274 358 2310 hius
400 2272 631 2311 Marcellinus
653 2300 664 2318 ,
718 2269 885 2307 Aurelius
950 2267 1012 2305 lib.
1040 2267 1085 2304 de
1113 2266 1317 2304 infelicitate
1347 2262 1554 2313 Principum

285 2330 393 2366 {ferus
431 2328 469 2365 δὲ
508 2326 674 2362 Statilius
716 2323 844 2360 Valens
869 2352 880 2369 ‚
951 2335 984 2372 p.
1019 2332 1089 2372 153
1107 2349 1118 2366 ,
1147 2334 1213 2373 pro
1240 2318 1362 2357 Dione
1399 2315 1553 2362 Caino,

279 2394 408 2418 omnes
420 2380 559 2432 pridem
574 2377 766 2430 deperditi,
790 2389 882 2426 quos
947 2376 984 2413 ni
1009 2374 1121 2414 fallor.

277 2435 363 2475 citat
378 2433 585 2487 Spartianus
601 2433 635 2472 in
649 2432 756 2472 Alex,
771 2430 881 2471 Seve-
