1714 2807
346 176 438 206 212
574 154 1427 202 FLAVItVOPISCl

344 267 546 313 Tribunis
578 267 829 312 exercituum
867 268 1219 327 Illyricianorum.
1254 266 1443 332 Etiamsi
1466 284 1626 328 patrem

339 360 472 387 meum
487 341 645 398 fatalis
682 341 776 384 belli
804 340 956 403 Petsici
989 337 1190 403 neceffitas
1217 343 1371 391 tenuit.
1398 342 1526 387 habeo
1560 357 1625 387 ta-

337 433 429 460 men
455 429 663 474 parentem
693 415 912 458 Aurelium
951 414 1159 468 Probum,
1185 432 1263 473 quo
1291 416 1503 459 laborante
1521 413 1624 473 pos-

332 487 414 555 sim
436 484 718 548 effe-securus:
741 485 871 549 quisi
888 482 1095 547 affitfflt‚
1123 503 1340 544 nunquam
1359 487 1428 531 illc
1462 504 1512 531 ne
1545 502 1626 530 no·

338 561 565 604 minandus
594 559 756 617 quidem
795 572 1005 617 (ymanus
1025 556 1115 619 fibi
1141 554 1364 618 usurpaffit
1398 560 1627 618 imperium.

341 630 482 690 Quare
515 646 653 673 omnes
684 645 756 673 vos
794 627 975 691 confiliis
1006 627 1096 683 ejas
1129 629 1252 686 cupio
1282 646 1447 686 parere,
1481 631 1552 689 qui
1583 627 1626 675 G*

330 704 468 765 patris
484 702 646 758 judicio
669 703 868 761 probatus
887 701 964 765 est,
989 698 1031 745 G*
1063 704 1258 745 Senatus.
1275 699 1382 745 Non
1413 717 1624 764 magnum

339 775 532 824 fortaffis
564 774 777 833 judicium
806 772 1002 819 Gallieni
1031 772 1115 820 effe
1146 773 1378 832 videatur,
1406 773 1628 836 Principis

342 846 594 896 mollioris:
626 847 696 893 sed
727 847 850 908 quod
888 845 1039 909 negari
1077 862 1171 893 non
1201 846 1377 908 potest,
1410 862 1465 894 ne
1494 846 1628 894 diffo-

341 922 460 969 lutus
498 919 679 983 quidem
719 917 933 982 quispiam
967 918 1010 964 se
1053 917 1131 963 nifi
1167 918 1212 963 in
1247 916 1340 978 ejus
1370 916 1501 964 fidem
1534 931 1626 964 tra-

340 994 438 1051 dit,
473 991 598 1050 cujus
633 991 711 1037 fibi
751 991 941 1038 virtutes
979 990 1201 1037 existimat
1238 989 1510 1052 profuturas.
1543 990 1629 1037 Sed

340 1066 435 1112 esto
451 1102 464 1123 ,
486 1063 681 1112 Gallieni
703 1064 890 1124 epistola
918 1063 1238 1127 sequestretur,
1262 1062 1371 1126 quid
1400 1062 1628 1109 Aureliani

343 1138 590 1202 judicium?
621 1138 696 1202 qui
721 1138 875 1184 Probo
908 1138 1194 1195 decimanos,
1219 1134 1478 1183 fortiffimos
1499 1151 1629 1182 exet·-

343 1215 457 1262 citns
479 1213 569 1268 sui,
593 1215 640 1260 &
664 1229 766 1258 cum
786 1210 948 1273 quibus
974 1210 1063 1271 ipse
1091 1210 1285 1273 ingentia
1313 1208 1520 1271 gefferat,
1541 1220 1627 1252 tra-

343 1287 455 1333 didit
483 1285 561 1330 sub
591 1283 845 1344 hujusmodi
874 1282 1159 1329 testimonio:
1189 1282 1452 1327 Aurelianus
1479 1286 1628 1344 Augu·

331 1361 424 1426 stus
453 1361 594 1404 Probo
605 1359 790 1419 salutem
819 1360 933 1402 dicit.
956 1359 1021 1402 Ut
1041 1356 1177 1412 scias,
1205 1357 1352 1416 quanti
1379 1370 1415 1400 te
1429 1355 1627 1413 faciam,

344 1437 581 1482 decimanos
615 1448 723 1476 meos
745 1431 897 1491 sume,
928 1446 1029 1489 quos
1067 1429 1267 1473 Claudius
1307 1429 1414 1472 mihi
1445 1430 1629 1476 credidit.

343 1510 415 1569 Isti
430 1506 669 1566 enimsunt‚
688 1505 774 1564 qui,
795 1505 977 1563 quadam
986 1501 1210 1559 felicitatis
1222 1503 1511 1562 praerogativa,
1520 1521 1628 1562 prcc-

331 1569 475 1640 sulm,
504 1577 588 1641 nisi
609 1575 783 1634 futuros
818 1577 1060 1634 Principes,
1086 1574 1223 1618 habere
1249 1591 1334 1618 non
1360 1590 1527 1619 norunt.
1559 1575 1626 1620 Ex

343 1668 437 1715 quo
460 1649 729 1695 intelleehsm
748 1646 834 1702 est,
859 1646 1148 1693 Aurelianum
1164 1644 1207 1689 in
1225 1644 1377 1690 animo
1404 1644 1626 1705 habuisse,

344 1735 419 1777 ut,
454 1722 483 1766 fi
513 1721 620 1776 quid
650 1719 729 1766 fibi
757 1719 910 1765 scienti
940 1717 1240 1781 prudentique
1267 1717 1627 1777 eveniret,Pro-

345 1794 450 1840 bum
483 1791 735 1853 Principem
767 1790 946 1836 faceret.

414 1868 508 1913 Vll.
545 1868 636 1913 Jam
671 1865 878 1919 Claudii,
904 1863 990 1925 jam
1018 1861 1165 1910 Taciti
1195 1860 1356 1924 judicia
1394 1862 1448 1910 de
1471 1863 1626 1910 Probo

345 1939 530 2003 longum
562 1940 622 1984 est
658 1939 911 1994 innectere3
945 1937 1152 2001 quamvis
1182 1936 1348 1982 feratur
1379 1936 1425 1983 in
1463 1938 1625 1984 Senatu

345 2013 530 2058 Tacitus
561 2011 717 2057 dixzffe
738 2048 747 2063 .
784 2028 884 2057 cum
918 2010 1060 2056 eidem
1094 2007 1332 2054 offerretur
1359 2009 1626 2071 imperium,

343 2088 476 2133 debere
497 2087 678 2130 Probum
706 2086 938 2144 Principem
950 2085 1057 2142 fieri.
1074 2080 1145 2126 sed
1173 2097 1259 2144 ego
1281 2080 1634 2128 senatusconsul-‘

344 2172 438 2206 tum
466 2158 608 2220 ipsum
639 2173 732 2202 non
766 2157 935 2202 inveni.
970 2156 1063 2215 lpse
1089 2167 1236 2201 autem
1266 2154 1450 2200 Tacitus
1479 2157 1628 2215 Impe-v

345 2244 470 2287 rator
507 2232 692 2292 primam
727 2230 859 2275 talem
892 2229 945 2274 ad
975 2229 1171 2274 Probum
1214 2226 1444 2288 epistolam
1477 2226 1627 2271 dedit:

348 2307 522 2351 Tacitus
547 2305 759 2371 Augustus
786 2305 933 2347 Probo.
961 2305 1031 2347 Me
1060 2304 1219 2361 quidem
1251 2304 1434 2346 Senatus
1462 2301 1625 2346 Princi-

340 2398 433 2440 pem
457 2379 588 2437 fecit‚
620 2382 667 2423 de
692 2378 908 2438 prudentis
942 2378 1141 2420 exercitus
1175 2377 1396 2419 voluntate.
1424 2378 1623 2419 Attamen

337 2455 553 2514 sciendum
571 2454 646 2498 tibi
657 2452 724 2517 est,
739 2453 818 2496 cuis
832 2467 943 2496 nunc
954 2451 1129 2494 lzumeris
1141 2450 1276 2509 magis
1287 2445 1511 2509 incubuiffe
1523 2462 1618 2493 rem—
