1637 2785
355 133 769 184 νειηωιῑΝι
821 135 1013 183 Duo,
1261 151 1329 199 9,

51 244 173 292 libro
202 242 355 290 dixisse
382 242 583 289 sufficiat.
604 259 704 287 nam
731 242 780 288 δε
805 242 943 287 multa
970 241 1054 301 jam
1074 240 1120 287 in
1135 242 1338 290 Valeria-

56 318 105 364 ni
135 317 226 364 vita
244 352 256 374 ,
283 317 328 362 in
363 317 508 373 libro,
537 315 611 376 qui
643 317 716 360 Dc
740 317 914 376 triginta
950 318 1147 375 tyrannis
1182 314 1337 362 inscri-

56 391 230 439 bendus
250 390 340 446 est,
359 389 445 451 jam
472 388 742 451 loquemur,
777 405 876 450 quae
904 388 1077 445 iterari,
1101 405 1154 436 ac
1182 389 1340 451 saepius

59 463 165 520 dici,
186 462 331 510 minus
349 462 458 509 utile
472 461 728 509 videbatur.
750 462 851 507 Huc
872 460 1198 524 accedit,quod
1217 475 1342 525 quae-

60 539 160 585 dam
177 536 306 583 etiam
336 534 525 581 studiose
549 533 805 597 praetermisi
821 568 835 592 ,
854 550 909 580 ne
929 533 1024 594 ejus
1044 534 1208 597 posteri
1223 535 1345 587 mul<

60 609 117 658 tis
144 609 271 656 rebus
298 607 426 654 editis
454 606 732 652 laederentur.

128 684 179 728 ll.
205 682 297 728 Scis
321 680 440 726 enim
457 678 547 741 ipse
564 714 577 737 ,
604 677 754 742 quales
786 677 992 726 homines
1019 695 1122 727 cum
1151 679 1232 737 iis,
1258 680 1345 744 qui

62 753 212 817 aliqua
232 754 284 799 de
305 750 544 810 majoribus
565 766 723 797 eorum
748 749 1020 812 scripserint,
1036 764 1252 815 quantum
1272 763 1353 817 gel

63 836 162 869 rant
191 823 384 869 bellum:
419 838 500 870 nec
531 822 685 884 ignota
719 822 803 868 effe
835 821 1055 881 arbitror,
1086 840 1190 886 quae
1230 825 1348 874 dixit

67 900 243 943 Marcus
267 894 444 941 Tullius
479 894 523 941 in
545 896 813 953 Hortenfio‚
838 912 973 959 quem
1003 896 1059 942 ad
1087 897 1348 961 exemplum

66 967 335 1032 Protreptici
366 967 544 1031 scripsit.
567 970 720 1016 Unum
753 984 920 1031 ponam
940 981 1116 1027 tamen,
1135 971 1259 1033 quod
1276 971 1349 1032 ju-

68 1042 338 1090 cunditatem
367 1041 620 1105 quandam,
643 1042 713 1088 sed
753 1043 1009 1106 vulgarem,
1029 1043 1211 1100 habuit,
1242 1061 1351 1093 mo·-

69 1133 161 1163 rem
186 1129 332 1164 tamen
361 1133 532 1163 novum
557 1116 676 1165 fecit.
702 1118 815 1164 Nam
840 1134 940 1164 cum
963 1118 1138 1182 cingula
1160 1118 1232 1165 sua
1256 1119 1351 1182 ple-

72 1191 197 1255 rique
217 1189 501 1237 militantium
516 1182 625 1253 ,qni
638 1191 690 1237 ad
708 1189 980 1238 convivium
1002 1206 1216 1238 venerant
1229 1227 1244 1249 ,
1262 1208 1352 1254 po-

73 1275 228 1311 nerent
246 1260 363 1309 hora‘
382 1261 592 1311 convivii
604 1280 620 1320 3
646 1262 887 1310 Saloninus
909 1279 1020 1325 puer
1034 1299 1047 1321 ,
1067 1263 1158 1312 five
1177 1265 1355 1315 Gallie-¹.

74 1351 184 1394 nus,
220 1335 289 1382 his
329 1347 506 1382 auratos
541 1335 918 1399 constellatosque
950 1337 1123 1384 balteos
1161 1340 1353 1400 rapuiffe

74 1408 362 1472 perhibetur:
395 1408 443 1454 &
461 1442 473 1464 ,
492 1423 591 1454 cum
626 1407 731 1454 effet
749 1408 930 1455 difficile
954 1408 1000 1455 in
1029 1409 1128 1456 aula
1152 1410 1353 1460 Palatina

75 1479 322 1544 requirere,
341 1480 465 1543 quod
485 1480 697 1544 periisset,
716 1497 766 1528 ac
790 1481 914 1530 taciti
935 1483 1144 1530 militares
1162 1485 1248 1530 viri
1272 1486 1355 1533 de-

77 1555 283 1601 trimenta
313 1552 610 1615 pertuliffent3
632 1553 781 1615 postea
809 1554 952 1617 rogati
977 1556 1029 1600 ad
1052 1557 1355 1619 convivium,

76 1624 210 1673 cincti
232 1624 552 1671 accubuerunt.
573 1625 779 1686 Cumque
800 1625 855 1670 ab
874 1625 939 1670 his
960 1638 1255 1686 quaereretur,
1275 1646 1356 1677 cut

80 1713 175 1744 non
197 1695 423 1742 solverent
447 1695 699 1760 cingulum,
724 1696 992 1759 respondisse
1018 1699 1253 1758 dicuntur,
1272 1707 1358 1749 Sa-

81 1773 224 1817 lonino
246 1769 492 1828 definimus:
516 1780 646 1831 atque
664 1767 767 1815 hinc
782 1771 965 1815 tracium
989 1786 1160 1818 morem
1179 1807 1193 1829 ,
1216 1787 1264 1819 ut
1283 1775 1361 1821 de-

81 1844 236 1904 inceps
259 1859 358 1889 cum
389 1844 658 1905 Imperatore
687 1842 818 1888 cinffi
841 1842 1178 1892 discumberent.
1205 1846 1359 1911 Nega-

84 1933 130 1963 re
158 1931 251 1961 non
278 1914 449 1976 poffum
467 1951 483 1972 ‚
506 1914 684 1961 aliunde
714 1914 934 1978 plerisque
961 1916 1104 1963 videri
1129 1917 1259 1979 hujus
1294 1921 1361 1970 rei

85 2004 237 2037 ortum
255 1989 337 2034 effe
355 2005 540 2034 morem.
559 1988 733 2036 Dicunt
750 1987 885 2043 enim,
906 1989 1094 2036 militare
1108 1994 1361 2054 prandium,

87 2059 213 2124 quod
242 2059 403 2105 dietum
435 2058 494 2105 est
515 2058 746 2121 prandium
764 2094 776 2115 ,
795 2059 848 2104 ab
867 2075 949 2118 eo,
970 2065 1093 2122 quod
1114 2062 1165 2107 ad
1194 2064 1362 2112 bellum

88 2134 250 2181 milites
281 2144 434 2194 patet,
464 2149 488 2179 a
515 2132 668 2179 ciuilis
700 2131 891 2180 initum:
923 2135 992 2181 cui
1026 2135 1089 2181 rei
1123 2153 1364 2199 argumen-

90 2220 185 2253 tum
208 2206 293 2262 est,
316 2206 439 2267 quod
465 2221 488 2251 a
525 2205 742 2252 discinctis
780 2207 907 2253 etiam
950 2224 1049 2253 cum
1088 2210 1362 2269 imperatore

90 2291 311 2328 coenatur.
349 2280 466 2337 Quae
492 2278 663 2326 idcirco
691 2278 850 2340 posui,
887 2280 990 2341 quia
1023 2280 1154 2357 digna
1184 2286 1232 2330 &
1268 2299 1365 2330 me-

93 2364 271 2399 moratu
291 2351 578 2408 videbantur,
605 2353 653 2399 &
684 2352 885 2414 cognitu.

158 2425 231 2472 111.
265 2424 401 2472 Nunc
432 2423 700 2473 transeamus
725 2424 780 2472 ad
805 2424 980 2487 triginta
1011 2437 1261 2489 tyrannos,
1291 2429 1368 2494 qui

977 2498 1018 2542 G
1056 2516 1079 2544 2.
