1637 2785
238 166 302 212 M.
354 164 534 210 ANT.
589 164 1155 213 PHILOSOPHUS.
1267 181 1323 231 75

59 279 94 320 S
97 275 111 319 i
129 274 227 330 jam
257 289 318 317 me
339 271 554 317 dimittitis
574 307 590 327 ,
606 274 695 317 vale
712 274 828 317 vobis
855 274 951 319 dico
967 308 979 329 ,
1002 291 1075 319 vos
1093 275 1334 334 praecedens.

59 349 109 395 &
132 362 232 395 cum
258 345 312 391 ab
337 359 394 390 eo
415 343 804 406 quaereretur-,cui
822 342 959 390 filiurn
979 346 1333 404 commendaret,

57 417 132 464 ille
160 415 422 479 respondit:
455 416 666 481 Vobis,st
694 418 846 478 dignus
865 416 1023 474 fuerit,
1047 415 1089 463 ἃ
1118 419 1231 462 Diis
1254 419 1335 463 im·

57 492 310 536 mortalibus.
331 489 561 537 Exercitus
576 525 589 545 ‚
616 489 799 551 cognita
818 488 932 534 mala
954 489 1232 547 valetudine,
1257 507 1338 537 ve-

59 563 378 610 hementiffime
402 563 615 608 dolebant
634 596 647 617 ‚
668 560 770 624 quia
804 559 928 607 illum
959 560 1092 608 unice
1121 563 1338 612 amabant.

59 634 260 697 Septimo
291 636 362 682 die
391 646 602 699 gravatus
621 633 713 691 est,
734 634 783 681 &
815 632 957 681 solum
978 631 1120 680 filium
1150 634 1336 681 admisit.

61 724 201 771 quem·
226 708 365 755 statim
397 707 584 767 dimisit,
619 723 674 754 ne
702 707 750 754 in
779 723 881 754 eum
912 706 1096 752 morbus
1125 706 1340 754 transiret.

60 780 258 830 Dimiffo
285 779 411 839 filio,
444 794 575 844 caput
602 780 811 845 operuit,
835 780 956 844 quasi
983 780 1142 827 volens
1169 780 1340 826 dormi·

6 888 12 911 ,-
63 870 142 910 re3
172 853 243 900 sed
280 856 408 903 nocte
440 855 629 903 animam
657 854 840 903 efflavit.
866 852 1191 902 Ferturvfilium
1225 854 1341 900 mori

66 926 286 984 voluiffe,
309 944 411 976 cum
439 944 540 974 eum
569 928 698 976 talem
733 927 908 975 videret
940 926 1142 974 futurum
1160 962 1174 984 ,
1202 926 1343 989 qualis

65 998 232 1047 exstitit
254 1000 352 1062 post
374 998 467 1060 ejus
485 1014 675 1047 mortem
693 1018 706 1057 3
724 1016 800 1059 ne,
822 1016 871 1047 ut
891 999 981 1065 ipse
999 999 1201 1058 dicebat,
1223 998 1341 1045 fimi-

66 1075 120 1122 lis
151 1075 355 1131 Neroni,
386 1075 600 1139 Caligulae
631 1077 680 1123 &
706 1075 981 1123 Domitiano
1007 1076 1125 1123 effer.

130 1150 308 1197 XXIX.
340 1148 534 1196 Crimini
573 1149 614 1195 ei
647 1150 798 1196 datum
838 1149 927 1208 est,
963 1149 1088 1211 quod
1122 1147 1348 1195 adulteros

67 1221 223 1269 uxoris
242 1221 556 1284 promoverit,
572 1221 827 1268 Tertullum
841 1257 856 1280 ,
876 1223 924 1270 &
944 1221 1136 1270 Utilium
1153 1255 1166 1279 ,
1190 1221 1240 1267 &
1259 1221 1346 1266 Or=

66 1295 236 1357 phitum
252 1330 267 1352 ,
292 1296 340 1343 ὅ(
366 1295 652 1342 Moderatum
670 1330 685 1354 ,
718 1296 773 1342 ad
801 1295 952 1342 varios
980 1296 1213 1350 honores;
1244 1311 1348 1342 cuni

65 1367 319 1417 Tertullum
339 1367 471 1418 etiam
499 1368 789 1431 prandentem
818 1386 920 1417 cum
941 1385 1086 1416 uxore
1105 1368 1349 1430 deprehen-

67 1444 194 1491 derit.
225 1443 279 1490 de
304 1459 398 1507 quo
426 1442 587 1490 mimus
612 1442 659 1490 in
685 1443 838 1501 scena,
857 1442 1071 1506 praesente
1094 1441 1350 1498 Antonino,

68 1514 181 1562 dixit
198 1551 210 1572 ,
232 1533 335 1563 cum
364 1515 561 1577 stupidus
585 1531 753 1562 nomen
776 1516 964 1562 adulteri
994 1515 1148 1561 uxoris
1175 1533 1198 1561 a
1219 1513 1352 1561 servo

68 1601 289 1651 quaereret
305 1623 319 1646 ,
350 1589 399 1635 &
429 1587 504 1635 ille
528 1589 696 1634 diceret
720 1600 787 1635 ter
817 1590 992 1644 Tullus,
1027 1588 1075 1634 &
1101 1587 1245 1634 adhuc
1264 1586 1354 1633 stu·-

68 1663 202 1726 pidus
228 1675 445 1725 quaereret
461 1697 475 1720 ‚
505 1661 733 1725 respondit
757 1661 859 1718 ille,
883 1662 982 1707 Jam
1007 1663 1102 1706 dlxi
1133 1676 1215 1717 ter,
1248 1662 1351 1705 Tul-

70 1743 135 1784 lus
155 1738 318 1783 dicitur.
346 1737 401 1782 Et
423 1735 477 1781 de
495 1735 583 1783 hoc
605 1735 786 1798 quidem
814 1733 952 1781 multa
977 1733 1198 1795 populus,
1218 1733 1355 1778 multa

70 1809 204 1856 etiam
234 1808 308 1855 alii
336 1808 577 1860 dixerunt,
601 1806 859 1872 patientiam
891 1805 1113 1851 Antonini
1150 1803 1356 1850 incusan-

71 1894 151 1930 tes.
172 1884 288 1928 Ante
317 1893 490 1943 tempus
508 1880 608 1927 sane
628 1872 817 1937 mortis¹,
838 1879 1094 1942 priusquam
1116 1878 1172 1924 ad
1188 1877 1354 1924 bellum

72 1953 491 2002 Marcomannicum
511 1954 705 2012 rediret,
724 1953 771 1999 in
793 1952 1028 2015 Capitolio
1050 1950 1244 2011 juravit,
1262 1955 1357 1996 nul·

74 2034 162 2075 lum
192 2031 430 2074 senatorem
449 2027 498 2086 se
514 2026 667 2086 sciente
694 2025 869 2085 occisum
888 2042 909 2080 ;
940 2040 1042 2071 cum
1075 2023 1206 2070 etiam
1231 2028 1356 2071 rebel-

75 2105 206 2146 liones
222 2098 384 2145 dixerit
391 2100 440 2160 fi
447 2100 706 2160 servaturum
718 2096 862 2162 suiffiz,
869 2098 920 2164 st
921 2096 1075 2161 suffit
1091 2096 1220 2143 Nihil
1237 2098 1359 2144 enim

74 2173 215 2236 magis
245 2172 462 2222 &timuit
479 2208 494 2230 ,
514 2174 564 2221 &
588 2173 849 2234 deprecatus
879 2170 964 2229 est,
991 2185 1124 2233 quam
1155 2170 1358 2217 avaritiae

76 2244 235 2293 famam
253 2262 264 2291 ε
285 2245 338 2293 de
361 2262 447 2309 qua
470 2245 510 2292 se
529 2245 680 2293 multis
707 2243 905 2306 epistolis
926 2254 1095 2307 purgat.
1125 2243 1362 2290 Dederunt

78 2316 121 2364 ei
158 2315 273 2364 vitio
290 2352 304 2374 ,
335 2317 461 2380 quod
495 2319 545 2366 &
572 2315 697 2364 fictus
731 2315 904 2373 fuiffet,
930 2332 1012 2364 nec
1038 2328 1127 2361 tam
1153 2314 1362 2377 fimplex,

80 2406 214 2453 quam
241 2388 463 2437 videretur
480 2425 493 2448 ‚
512 2402 589 2437 aut
610 2406 743 2453 quam
764 2390 839 2436 vel
864 2388 968 2436 Pius
997 2388 1070 2436 vel
1095 2390 1237 2433 Verus
1253 2385 1363 2434 fuis·

82 2461 159 2511 set.
193 2462 429 2511 Dederunt
457 2462 590 2512 etiam
619 2461 829 2524 crimini,
857 2460 983 2526 quod
1015 2460 1202 2511 aulicam
1233 2475 1360 2508 arro-
