1637 2785
260 130 630 180 -ANToNiNus
666 129 1154 177 HELIOGABALUS.
1263 138 1352 188 243

139 243 301 290 XVIII.
330 240 414 286 Hic
436 238 619 284 ultimus
649 235 993 282 Antoninorum
1017 236 1128 293 fuit,
1155 234 1363 300 quamvis

75 313 352 377 cognomine
378 309 526 373 postea
554 309 816 354 Gordianos
845 309 972 354 multi
995 308 1256 356 Antoninos
1285 323 1367 372 pu-

76 397 202 444 tent,
227 385 302 448 qui
328 381 519 428 Antonii
542 380 644 426 dieti
675 379 803 437 sunt,
832 396 926 425 non
959 380 1196 430 Antonini.
1229 381 1367 440 Vita,

75 458 280 506 moribus
294 491 306 512 ‚
324 453 613 517 improbitate
630 452 688 498 ita
704 451 886 498 odibilis
898 487 912 510 ‚
931 465 977 498 ut
992 452 1087 513 ejus
1107 469 1273 501 nomen
1289 456 1372 504 Se-2

75 545 208 578 natus
225 528 427 576 eraserit:
446 544 578 591 quem
600 543 683 573 nec
704 541 790 590 ego
810 526 1095 573 Antoninum
1120 528 1371 589 vocassem,

76 602 160 650 nisi
189 601 312 650 causa
351 599 651 664 cognitionis,
688 615 789 661 quae
828 599 953 662 cogit
982 599 1244 664 plerumque
1280 602 1370 651 dici

78 693 130 724 ea
151 675 282 722 etiam
312 674 498 720 nomina
515 710 526 729 ,
554 689 654 736 quae
673 671 771 718 sunt
792 671 972 719 abolita.
994 673 1155 720 Occisa
1184 673 1247 721 est
1267 691 1371 723 cum

77 768 138 799 eo
166 752 215 798 ὃ(
243 762 379 796 mater
409 746 664 794 Semiamira
686 745 1016 809 probrofiffima
1038 747 1196 795 mulier
1224 751 1274 798 &
1299 749 1371 796 di-

80 840 167 886 gna
196 821 309 870 filio.
339 833 609 884 cautumque
639 830 741 866 ante
770 817 924 865 omnia
955 819 1052 880 post
1080 821 1370 869 Antoninum

80 896 453 958 Heliogabalum,
477 910 531 940 ne
562 909 758 956 unquam
791 892 950 938 mulier
971 892 1181 939 Senatum
1216 894 1373 959 ingre-

80 968 290 1024 deretur,
321 978 459 1028 utque
485 963 638 1011 inferis
675 963 766 1024 ejus
794 975 930 1024 caput
962 962 1183 1010 dicaretur
1219 965 1371 1013 devo-

82 1053 376 1102 vereturque‚
396 1055 474 1100 per
491 1055 623 1101 quem
648 1038 694 1084 id
711 1037 814 1084 esset
841 1035 1017 1083 facium.
1046 1037 1120 1084 De
1146 1035 1274 1099 hujus
1302 1041 1373 1087 vi-

81 1125 129 1159 ta
157 1113 296 1159 multa
332 1111 378 1157 in
411 1111 559 1159 literas
590 1111 711 1158 miffa
743 1111 843 1157 sunt
874 1109 1109 1157 obscoena:
1137 1127 1238 1173 quae
1267 1114 1374 1176 quia

83 1186 219 1248 digna
240 1196 490 1231 memoratu
512 1200 605 1230 non
629 1184 729 1231 sunt
744 1219 758 1241 ‚
776 1199 826 1230 ea
851 1182 993 1229 solum
1021 1183 1251 1245 prodenda
1271 1203 1379 1235 cen.

84 1255 178 1313 sui,
207 1271 308 1317 quae
336 1255 390 1300 ad
413 1253 636 1300 luxuriam
666 1252 978 1316 pertinebant;
1004 1274 1199 1319 quorum
1227 1261 1378 1325 aliqua

82 1329 317 1392 privatus,
344 1326 487 1389 aliqua
507 1325 594 1387 jam
622 1328 870 1389 Imperator
887 1365 900 1386 ‚
926 1329 1072 1377 feciffe
1091 1332 1379 1395 perhibetur,

85 1416 190 1447 cum
219 1398 310 1461 ipse
343 1399 544 1460 privatus
579 1397 773 1457 diceret,
799 1399 840 1446 se
863 1400 1097 1461 Apicium,
1127 1405 1378 1466 Imperator

85 1488 206 1521 ,vero
220 1508 235 1530 ,
251 1473 484 1518 Neronem
501 1507 515 1530 ,
531 1472 790 1530 Othonem,
814 1475 863 1519 δι
883 1473 1118 1521 Vitellium
1141 1475 1321 1528 imitari.

154 1547 287 1592 XIX.
317 1547 433 1591 Nam
471 1544 641 1607 primus
673 1545 878 1592 omnium
913 1546 1221 1606 privatorum,
1249 1564 1384 1601 toros

89 1620 232 1669 aureis
256 1619 473 1666 toralibus
509 1618 646 1675 texit,
673 1619 776 1681 quia
800 1632 906 1666 tunc
934 1637 990 1666 ex
1013 1622 1236 1669 Antonini
1261 1627 1380 1674 Mar..

89 1694 133 1741 ci
162 1691 424 1739 auftoritate
449 1691 494 1738 id
523 1690 619 1737 fleri
651 1691 838 1749 licebat,
866 1692 946 1755 qui
978 1708 1160 1739 omnem
1193 1712 1383 1759 appara..

90 1780 189 1814 tum
208 1765 546 1826 imperatorium
569 1764 745 1826 publice
766 1766 1042 1814 vendiderat.
1062 1767 1243 1815 Deinde
1269 1771 1384 1819 aesti-

93 1856 154 1886 va
172 1837 395 1885 convivia
416 1837 648 1885 coloribus
666 1837 896 1896 exhibuit,
915 1850 962 1884 ut
983 1839 1119 1885 hodie
1137 1841 1384 1904 prafinum,

93 1911 311 1968 vitreum,
326 1910 406 1956 alia
426 1910 495 1956 die
512 1911 803 1968 venetum,&
818 1910 875 1958 fic
897 1910 1106 1972 deinceps
1130 1913 1384 1976 exhiberet,

95 1986 268 2048 semper
284 1985 433 2040 varie,
449 2001 527 2046 per
552 1984 643 2031 dies
662 2001 819 2031 omnes
844 1984 1040 2031 aestivo3.
1063 1985 1235 2035 Primus
1256 1990 1389 2040 dein-3

97 2061 153 2107 de
170 2059 339 2106 mensas
355 2060 404 2107 δι
432 2059 581 2121 capsas
610 2073 834 2123 argenteas
853 2059 1037 2107 habuit:
1063 2062 1233 2122 primus
1250 2063 1386 2111 etiam

99 2132 306 2180 cacabos.
324 2132 437 2178 Vasa
451 2133 609 2178 deinde
629 2132 882 2180 centenaria
902 2145 1110 2195 argentea
1128 2133 1292 2197 sculpta
1305 2171 1318 2193 ,
1336 2138 1388 2185 δι

99 2204 321 2252 nonnulla
349 2204 635 2252 schematibus
664 2205 1028 2252 libidinosissimis
1057 2205 1299 2268 inquinata.
1331 2211 1389 2257 Et

101 2270 433 2336 mastichatum,
458 2279 507 2325 ὃ(
543 2277 812 2341 puleiatum,
851 2280 900 2326 &
927 2278 1080 2324 omnia
1121 2280 1246 2339 haec,
1283 2299 1389 2344 quae

104 2369 226 2399 nunc
243 2351 417 2399 luxuria
441 2347 627 2409 retinet,
645 2353 814 2414 primus
840 2352 1031 2399 invenit.
1054 2352 1168 2397 Nam
1188 2353 1387 2403 rosatum

104 2425 161 2473 ab
188 2425 286 2474 aliis
310 2438 567 2489 acceptum,
588 2425 822 2489 pinearum
846 2425 979 2473 etiam
1009 2423 1240 2473 attritione
1267 2427 1390 2481 odos

1005 2498 1115 2558 Qz
