1714 2807
326 172 412 218 140
541 157 977 205 TREBAELLH
1027 160 1458 208 pomorus

317 266 372 312 ad
405 263 639 327 imperium
672 263 836 313 summi
865 266 1091 330 Principes
1124 267 1365 331 eligerent,
1391 267 1603 316 emenda·
1667 299 1671 303 ⁴

318 336 410 384 tior
430 339 615 383 Senatus
635 351 830 398 op—taret,

383 410 453 454 111.
476 411 521 454 ln
544 410 735 473 gratiam
757 428 826 458 me
849 409 1062 474 quispiam
1085 425 1211 475 putet
1232 412 1486 460 Constantii
1503 415 1604 460 Caei

317 480 419 527 saris
448 483 600 545 loqui:
626 481 703 529 sed
731 485 846 532 testis
874 485 934 532 est
962 488 1008 533 δι
1037 498 1110 532 tua
1138 486 1433 542 conscientia,
1459 490 1505 534 &
1530 487 1603 533 vi-

318 565 361 600 ta
389 571 509 611 mea,
534 572 602 602 me
630 556 748 603 nihil
770 574 963 620 unquam
993 559 1227 621 cogi‹affe,
1247 559 1425 616 dixisse,
1457 559 1606 607 fecisse

319 627 576 689 gratiosum.
613 629 855 676 Claudium
886 630 1134 693 Principem
1170 633 1362 694 loquor,
1386 631 1509 692 cujus
1538 633 1605 679 vi-

319 713 389 754 ta,
426 701 656 761 probitaS,
687 702 738 749 ὅ(
769 702 950 757 onmia,
980 719 1081 762 quae
1114 703 1161 749 in
1191 703 1419 764 republica
1452 703 1606 766 gestit,

317 783 485 818 tantam
517 772 708 829 posteris
747 773 908 820 famam
942 773 1129 827 dedere,
1163 786 1210 820 ut
1239 775 1425 821 Senatus
1459 790 1606 836 popu-

317 845 469 907 lusque
498 846 734 894 Romanus
769 847 902 893 novis
936 864 1038 893 eum
1071 848 1324 894 honoribus
1353 848 1451 911 post
1479 864 1607 893 mor-

318 931 405 964 tem
432 917 649 967 affecerit.
681 921 747 966 llli
778 920 967 984 clypeus
992 937 1151 967 aureus
1170 958 1183 978 ,
1215 922 1285 968 vel
1313 936 1360 966 ut
1389 937 1606 982 gramma-

317 991 395 1037 tici
416 992 673 1058 loquuntur
690 1029 704 1052 ‚
720 994 932 1057 clypeum
950 1011 1128 1040 aureum
1145 1031 1158 1052 ‚
1178 997 1365 1043 Senatus
1386 998 1523 1041 totius
1538 993 1605 1053 ju-

318 1063 465 1121 dicio,
498 1065 545 1110 in
588 1067 790 1112 Romana
823 1067 941 1112 curia
975 1066 1251 1113 collocatum
1281 1067 1369 1122 est3
1396 1080 1444 1114 ut
1473 1067 1622 1112 etiam·

319 1157 440 1196 nunc
471 1141 655 1188 videtur
681 1141 880 1201 expressa
916 1142 1102 1187 thorace
1135 1142 1284 1187 vultus
1321 1141 1412 1200 ejus
1442 1141 1608 1202 imago-

318 1214 386 1260 llli
401 1249 415 1272 ‚
433 1215 562 1276 quod
588 1214 699 1260 nulli
719 1228 876 1275 antea,
896 1214 1090 1276 populus
1113 1215 1341 1261 Romanus
1363 1213 1506 1260 sumtu
1526 1212 1607 1258 suo

319 1286 365 1332 in
389 1288 654 1350 Capitoli0,
678 1299 778 1333 ante
804 1287 931 1333 Jovis
952 1287 1125 1349 Optimi
1151 1287 1334 1333 Maximi
1364 1286 1606 1346 templum,

319 1359 504 1407 statuam
545 1379 720 1409 auream
756 1361 908 1407 decem
943 1361 1105 1421 pedum
1139 1360 1402 1407 collocavit.
1436 1359 1503 1405 Illi
1529 1372 1603 1404 to-

320 1434 408 1480 tius
441 1435 564 1482 orbis
597 1434 796 1495 judicio,
827 1434 872 1480 in
903 1433 1075 1480 Rostris
1111 1433 1251 1495 polita
1279 1434 1337 1480 est
1367 1434 1602 1490 columna,

323 1523 425 1555 cum
450 1509 641 1570 palmata
663 1508 802 1555 statua
821 1505 1040 1569 superfixa
1055 1542 1067 1563 ‚
1084 1506 1295 1552 librarum
1318 1506 1487 1568 argenti
1508 1506 1608 1552 mil-

323 1581 364 1628 le
379 1582 743 1646 quingentarum.
762 1583 837 1629 llle
850 1618 863 1639 ‚
881 1582 1001 1628 velut
1018 1580 1269 1626 futurorum
1289 1595 1485 1636 memor,
1499 1596 1607 1643 gen-

322 1664 388 1700 tes
423 1655 596 1701 Flavias
619 1691 632 1711 ,
661 1673 761 1719 quae
793 1652 1047 1716 Vespasiani
1076 1654 1124 1699 &
1160 1653 1283 1709 Titi,
1315 1652 1426 1698 nolo
1457 1665 1608 1699 autem

323 1727 475 1772 dicere
499 1726 787 1783 Domitiani,
813 1725 1013 1783 fuerant,
1035 1725 1314 1789 propagavit.
1338 1724 1415 1770 Ille
1440 1724 1607 1772 bellum

325 1799 578 1845 Gothicum
611 1798 739 1846 brevi
772 1812 976 1860 tempore
1009 1796 1227 1859 implevit.
1265 1798 1484 1844 Adulator
1520 1797 1608 1860 igi-

325 1883 398 1916 tur
422 1872 603 1918 Senatus
619 1908 631 1929 ,
661 1871 865 1918 adulator
890 1870 1085 1932 populus
1106 1871 1336 1918 Romanus
1353 1906 1366 1928 ‚
1387 1870 1605 1917 adulatri-

324 1958 398 1989 ces
420 1956 583 1989 exterae
609 1956 759 2005 gentes
774 1978 788 1999 ,
811 1942 1070 1989 adulatrices
1093 1941 1369 2004 provinciae:
1393 1941 1608 2003 siquidem

326 2008 690 2060 omnes'ordines
706 2051 719 2070 ,
741 2014 888 2060 omnis
910 2027 1035 2070 aetaS,
1056 2014 1204 2061 omnis
1230 2014 1414 2071 civitas,
1434 2012 1607 2069 statuis,

325 2085 503 2132 vexillis
518 2123 531 2144 ,
549 2086 734 2134 coronis
748 2123 761 2142 ‚
778 2087 890 2134 fanis
903 2123 914 2145 ‚
931 2086 1122 2133 arcubus
1142 2086 1311 2134 bonum
1327 2085 1574 2149 Principem
1588 2119 1605 2145 ,

326 2159 412 2204 aris
436 2175 486 2205 ac
511 2159 687 2221 templis
710 2159 1066 2205 honoraverunt.

394 2232 470 2277 lV.
498 2230 678 2277 Interest
709 2247 870 2277 eorum
888 2266 901 2288 ‚
927 2230 1004 2293 qui
1035 2231 1184 2276 bonos
1212 2228 1442 2276 imitantur
1473 2227 1605 2274 Prin-

328 2301 474 2363 cipes,
497 2303 704 2350 &totius
731 2303 851 2349 orbis
870 2302 1079 2359 humani,
1105 2301 1402 2364 cognoscere,
1425 2318 1524 2364 quae
1548 2302 1605 2348 de

327 2374 409 2423 illo
432 2377 534 2424 viro
559 2375 928 2423 senatusconsulta
949 2376 1031 2422 sint
1055 2377 1266 2431 condita,
1287 2387 1338 2421 ut
1361 2390 1516 2420 omnes
1535 2372 1604 2435 ju·

328 2449 498 2499 dicimn
527 2451 719 2514 publicae
750 2449 911 2498 mentis
942 2449 1198 2514 agnoscant.
1225 2449 1339 2497 Nam
1367 2465 1470 2497 cum
1498 2447 1603 2497 esset
