1714 2807
337 169 436 208 302
556 159 1414 209 AEL‘IILAMPRIDII

345 262 441 310 aula
462 261 736 312 institutores
753 264 987 312 habentur.
1014 281 1114 312 nam
1135 283 1157 312 a
1186 265 1326 328 prima
1349 264 1490 312 statim
1512 275 1620 328 puei

347 333 476 393 ritia,
496 335 637 398 turpis
653 371 666 391 ‚
692 336 927 399 improbus
945 372 957 393 ‚
984 337 1197 395 crudelis,
1226 336 1517 396 libidinosus,
1540 355 1621 386 ore

345 423 533 471 quoque
563 409 762 473 pollutus
790 411 839 457 &
875 411 1181 473 constupratus
1211 410 1324 458 fuit:
1363 410 1449 471 jam
1485 410 1530 456 in
1552 410 1623 457 his

347 480 533 540 artifex,
565 499 664 546 quae
697 482 896 529 stationis
930 483 1225 547 imperatoria:
1258 501 1351 530 non
1388 496 1543 542 erant,
1574 497 1625 530 ut

347 555 506 602 calices
533 555 744 620 fingeret,
778 556 972 615 saltaret,
1004 571 1230 616 cantaret,
1255 559 1468 615 fibilaret,
1500 558 1623 605 scur-

343 642 441 673 ram
466 627 659 690 denique
686 629 736 675 &
764 627 1054 692 gladiatorem
1082 629 1122 676 se
1147 629 1386 692 perfefhim
1417 629 1626 676 ostende-

346 714 429 747 ret.
461 700 716 763 Auspicium
746 702 1020 749 crudelitatis
1049 703 1165 764 apud
1191 703 1517 749 Centumcellas
1550 701 1626 746 de-

349 772 414 818 dit
438 789 560 819 anno
585 773 723 820 aetatis
752 775 1039 822 duodecimo.
1060 793 1160 820 nam
1190 793 1289 823 cum
1318 776 1507 839 tepidius
1527 774 1628 825 sfor-

351 856 395 891 te
414 846 533 892 lotus
559 847 688 905 esset,
717 847 1022 894 balneatorem
1043 847 1088 893 in
1109 847 1331 894 fornacem
1354 847 1520 906 conjici
1538 847 1628 908 jus-

351 917 416 965 fit.
436 919 619 981 quando
637 936 661 966 a
683 920 956 985 paedagogo,
975 921 1048 969 cui
1066 921 1155 968 hoc
1173 920 1331 982 juffum
1350 920 1514 978 fuerat,
1532 937 1630 967 ver-

353 992 515 1039 vecina
533 992 658 1054 pellis
683 993 727 1039 in
749 993 932 1041 fornace
953 994 1185 1042 consumta
1201 993 1259 1040 est
1274 1029 1287 1052 ,
1314 1006 1362 1040 ut
1379 992 1509 1039 fidem
1530 1009 1630 1056 poe-

353 1080 423 1109 nae
451 1065 504 1111 de
532 1064 700 1112 foetore
729 1066 898 1114 nidoris
924 1067 1141 1130 impleret.
1167 1066 1428 1129 Appellatus
1459 1065 1519 1111 est
1548 1083 1631 1112 au-

354 1149 444 1184 tem
483 1141 617 1201 Caesar
645 1157 753 1202 puer
786 1157 887 1188 cum
926 1141 1061 1188 fratre
1095 1142 1174 1188 suo
1209 1142 1391 1188 Severo,
1427 1139 1631 1187 decimo-

353 1224 515 1272 quarto
547 1215 686 1259 aetatis
719 1230 841 1260 anno
876 1213 920 1259 in
959 1214 1197 1278 collegium
1233 1214 1520 1261 Sacerdotum
1551 1214 1632 1260 ad-

353 1282 490 1332 scitus
517 1285 590 1332 est.
621 1300 858 1348 cooptatus
889 1287 1003 1333 inter
1039 1300 1125 1334 tres
1154 1287 1274 1334 solos
1313 1289 1530 1348 Principes
1557 1289 1634 1343 ju·

355 1360 560 1416 venturis,
579 1375 677 1405 cum
705 1372 854 1422 togam
882 1360 1041 1406 sumsit.
1064 1361 1205 1406 adhuc
1229 1359 1274 1405 in
1294 1373 1504 1421 praetexta
1529 1376 1634 1421 pue·

355 1429 428 1475 rili
453 1431 734 1494 congiarium
753 1432 904 1491 dedit,
924 1444 1056 1496 atque
1077 1432 1165 1496 ipse
1188 1432 1233 1478 in
1255 1431 1432 1479 basilica
1451 1430 1635 1494 Trajani

357 1504 575 1567 praesedit.

423 1580 473 1625 11.
494 1580 678 1627 lndutus
698 1593 840 1627 autem
861 1591 964 1645 toga
981 1578 1041 1626 est
1057 1581 1290 1625 Nonarum
1315 1576 1527 1626 Iuliarum
1546 1576 1636 1636 die,

356 1665 454 1711 quo
472 1650 518 1697 in
538 1652 665 1699 terris
685 1653 907 1700 Romulus
933 1669 1026 1698 non
1050 1651 1279 1714 apparuit,
1301 1653 1349 1699 &
1371 1667 1428 1697 eo
1458 1664 1636 1713 tempo·

356 1739 439 1780 re,
471 1740 564 1786 quo
599 1727 767 1772 Caffius
802 1743 825 1772 a
865 1729 1022 1774 Marco
1055 1726 1257 1773 descivit.
1292 1724 1520 1772 Profefflus
1549 1724 1636 1782 est,

358 1799 701 1846 commendatus
734 1799 979 1856 militibus,
1012 1816 1114 1846 cum
1149 1812 1271 1860 patre
1298 1799 1344 1844 in
1377 1797 1551 1862 Syriam
1589 1799 1639 1845 &

358 1870 635 1932 AEgyptum,
661 1873 710 1918 &
741 1888 842 1920 cum
874 1888 930 1918 eo
965 1872 1157 1918 Romam
1195 1870 1339 1916 rediit.
1374 1869 1476 1916 Post
1512 1870 1638 1928 haec,

359 1944 494 1990 venia
523 1943 629 2008 legis
657 1945 866 1991 Annariae
896 1945 1153 2008 impetrata,
1178 1944 1348 1990 Consul
1376 1943 1438 1989 est
1471 1941 1637 1990 faetus:

361 2017 411 2063 &
433 2033 536 2062 cum
567 2030 686 2079 patre
715 2020 962 2080 Imperator
991 2017 1052 2064 est
1084 2017 1327 2078 appellatus
1350 2015 1514 2079 quinto
1544 2016 1640 2061 Ka-

347 2088 586 2136 ·lendarum
611 2091 933 2137 Decembrium
955 2089 1051 2148 die,
1070 2091 1273 2136 Pollione
1292 2090 1341 2136 &
1367 2094 1493 2151 Apro
1512 2087 1642 2134 Con-

362 2160 559 2219 sulibus,
595 2165 642 2210 &
676 2162 972 2225 triumphavit
1005 2180 1105 2211 cum
1143 2176 1296 2225 patre3
1330 2178 1430 2209 nam
1469 2161 1518 2208 &
1550 2161 1640 2207 hoc

362 2233 513 2280 Patres
540 2235 841 2282 decreverant.
870 2234 1097 2282 Profectus
1128 2235 1188 2281 est
1218 2251 1318 2281 cum
1351 2246 1473 2295 patre
1505 2233 1553 2278 &
1584 2230 1641 2276 ad

363 2306 684 2354 Germanicum
713 2307 891 2353 bellum.
914 2307 1157 2354 Adhibitos
1189 2306 1393 2353 custodes
1423 2303 1527 2351 vitae
1553 2302 1640 2348 suae

362 2377 642 2426 honestiores
664 2379 778 2426 ferre
801 2395 894 2426 non
922 2380 1095 2442 potuit3
1117 2380 1322 2442 peffimos
1343 2376 1543 2442 quosque
1565 2376 1641 2421 de-

360 2451 527 2515 tinuit,
538 2454 587 2503 &
607 2453 863 2518 subm0103‚
878 2453 1013 2520 usque
1029 2455 1083 2505 ad
1101 2454 1409 2520 aegritudinem
1424 2449 1640 2499 defidera·
