1637 2785
312 104 644 152 OPILIUS
696 103 1141 150 MAcRmUS.
1274 118 1360 165 213

83 212 307 276 publicam
334 224 589 260 curaturum
623 210 826 272 sperans,
853 211 1043 272 primum
1074 210 1119 256 in
1153 208 1366 272 patricios

82 287 260 350 allegit,
283 302 458 332 novum
492 284 721 330 hominem
740 319 753 340 ‚
785 285 835 331 &
856 284 930 345 qui
958 284 1090 344 paulo
1120 296 1220 329 ante
1255 298 1366 344 pro-

82 374 266 405 curator
299 358 488 420 privatae
525 357 589 404 rei
626 357 782 403 fuiffet.
811 357 1038 412 Eundem,
1083 373 1181 403 cum
1225 355 1366 402 scriba

88 430 357 477 Pontificum
389 431 513 486 esset,
552 430 702 493 (quos
733 429 868 475 hodie
901 427 1141 474 Pontifices
1169 428 1367 474 minores

83 502 288 566 vocant)
317 502 582 550 Pontificem
613 503 855 548 maximum
886 501 1152 563 appellavit,
1174 501 1248 545 Pii
1281 516 1365 545 no-

81 575 200 621 mine
224 576 421 621 decreto.
447 575 540 622 Diu
568 589 713 621 tamen
729 612 744 632 ‚
765 575 886 620 lenis
909 574 1045 619 literis
1062 610 1072 627 ,
1092 589 1192 619 cum
1216 570 1365 617 omni-

80 665 145 695 no
182 665 317 694 nemo
351 649 548 694 crederet
584 648 636 695 de
677 647 897 694 Antonini
933 659 1108 704 morte,
1141 644 1363 691 silentium

81 720 182 769 fuit.
205 722 288 767 Sed
315 722 602 784 posteaquam
632 721 832 769 constitit
858 719 1083 773 occisum,
1110 721 1292 764 Senatus
1315 716 1363 762 in

80 809 181 840 eum
199 829 211 850 ‚
226 794 351 840 velut
369 795 414 840 in
438 810 678 858 tyrannum
693 830 704 850 ‚
726 793 928 840 invefms
951 792 1025 839 est.
1046 791 1255 852 Denique
1276 788 1362 834 sta-

80 866 160 912 tim
191 866 399 913 Macrino
428 869 476 915 ὃ(
505 866 824 929 proconsulare
860 865 1119 927 imperium,
1150 864 1200 910 ὅ(
1230 874 1362 924 pote-

79 937 231 984 statem
262 939 547 986 tribuniciam
573 938 842 986 detulerunt.
871 938 1031 984 Filium
1067 936 1168 982 sane
1210 936 1364 991 suum,

81 1027 185 1057 cum
217 1011 307 1073 ipse
338 1015 488 1058 Felicis
517 1029 683 1059 nomen
706 1011 961 1074 recepiffet,
983 1023 1030 1057 ut
1059 1008 1362 1070 suspicionem

80 1082 216 1128 occisi
242 1100 264 1127 a
285 1083 325 1128 se
348 1083 566 1128 Antonini
587 1083 771 1130 Baffiani
792 1094 1068 1138 removeret,
1089 1081 1361 1127 Antoninum

81 1155 304 1210 vocavit,
324 1158 647 1202 Diadumenum
675 1168 800 1202 antea
830 1156 1006 1201 dictum.
1036 1154 1159 1215 quod
1180 1152 1366 1215 quidem-

80 1227 212 1275 etiam
253 1229 412 1275 Varius
446 1229 784 1292 Heliogabalus,
814 1227 889 1291 qui
925 1228 965 1274 se
997 1225 1183 1273 Baffiani
1217 1222 1361 1270 filium

79 1299 273 1358 diceret,
302 1301 445 1347 homo
477 1301 816 1358 sordidissimus,
837 1303 886 1349 &
911 1317 966 1347 ex
988 1298 1217 1346 meretrice
1243 1312 1362 1343 con-

80 1386 262 1435 ceptus,
292 1373 409 1421 idem
442 1375 594 1436 postea
625 1392 790 1421 nomen
820 1374 1006 1435 accepit.
1028 1371 1237 1435 Denique
1258 1386 1359 1417 ver·

78 1445 149 1492 sus
169 1446 337 1494 exstant
359 1447 580 1508 cujusdam
605 1462 773 1509 poetae,
789 1448 955 1510 quibus
971 1444 1216 1492 ostenditur
1230 1478 1243 1501 ,
1266 1447 1360 1487 An-

78 1519 228 1571 tonini
255 1536 422 1568 nomen
448 1521 628 1583 coepiss‘e
654 1540 677 1568 a
702 1523 810 1579 Pio,
848 1525 896 1570 &
920 1521 1130 1585 paulatim
1160 1536 1236 1582 per
1268 1521 1361 1568 An*

78 1589 265 1637 toninos
297 1589 432 1655 usque
460 1593 515 1638 ad
547 1592 695 1639 sordes
724 1593 903 1639 ultimas
926 1591 1198 1655 pervenisse:
1223 1589 1362 1653 siqui-e·

80 1662 180 1708 dem
218 1661 338 1709 solus
378 1665 558 1712 Marcus
587 1683 753 1713 nomen
784 1666 890 1713 illud
923 1665 1119 1712 sancium
1143 1664 1250 1710 vitae
1281 1679 1361 1725 ge-

78 1751 184 1781 nere
218 1735 387 1809 auxiffe
423 1737 599 1785 videtur
622 1774 635 1797 ,
679 1742 820 1786 Verus
862 1752 1010 1786 autem
1043 1737 1360 1801 degenerasse,

78 1812 362 1860 Commodus
381 1830 500 1869 vero
515 1815 648 1862 etiam
672 1815 1050 1878 polluisse-sacrati
1072 1814 1268 1861 nominis
1291 1830 1359 1860 re-

80 1884 344 1932 verentiam.
368 1884 454 1946 jam
485 1888 598 1950 quid·
620 1889 673 1936 de
691 1890 927 1937 Caracallo<
943 1889 1204 1939 Antonium
1226 1888 1362 1946 quid-

80 1973 144 2003 ve·
164 1958 218 2004 de
245 1958 335 2006 hoc
362 1960 505 2021 potest
526 1961 642 2009 dici?
665 1963 890 2024 postremo
917 1962 1048 2010 etiam
1070 1962 1176 2025 quid
1197 1963 1249 2008 de
1268 1962 1361 2009 He-

78 2028 336 2092 liogabalo,
358 2032 432 2094 qui
456 2034 794 2081 Antoninorum
819 2035 999 2082 ultimus
1023 2034 1068 2081 in
1091 2034 1260 2082 summa
1277 2033 1361 2081 im-

80 2102 274 2165 puritate
299 2104 456 2152 vixiffe
488 2110 795 2158 memoratur?

145 2177 261 2224 VIII.
285 2179 544 2240 Appellatus
570 2181 703 2245 igitur
733 2185 1008 2246 Imperator,
1028 2181 1230 2242 suscepto
1261 2179 1361 2226 bel-⁴

78 2248 127 2295 lo
159 2263 314 2296 contra
341 2252 560 2311 Parthos,
585 2254 809 2316 profectus
837 2255 898 2302 est
926 2271 1090 2319 magno
1119 2265 1330 2314 apparatu
1342 2247 1367 2311 ,‘

78 2321 256 2370 studens
278 2323 426 2371 sordes
449 2327 620 2389 generis
641 2329 873 2390 &prioris
898 2329 1004 2376 vitae
1030 2325 1257 2373 infamiam
1282 2324 1360 2371 vi-

81 2393 234 2444 &oriae
272 2397 577 2462 magnitudine
607 2401 801 2451 abo-lere,
835 2402 922 2450 Sed*
953 2399 1168 2448 confiiftu
1201 2397 1360 2447 habito
