1714 2807
271 161 360 205 „2
484 144 1363 194 AELIILAMPRIDlt

268 251 415 309 rium,
451 262 499 297 ut
535 249 851 313 popinarium,
886 267 934 299 ut
970 253 1299 314 tabernarium,
1337 267 1388 302 ut
1421 253 1556 304 leno-

268 343 400 382 nem;
430 325 563 388 idque
592 337 739 372 totum
768 327 893 373 domi
919 327 1089 392 semper
1116 331 1334 378 exercuit.
1361 332 1560 380 Sexcen-

266 415 420 446 torum
461 397 761 445 struthionum
799 400 941 462 capita
973 418 1058 448 una
1089 419 1222 451 coena
1251 402 1402 451 multis
1431 420 1558 450 men-

266 474 320 520 fis
345 471 548 519 exhibuit
571 470 627 516 ad
655 471 826 519 edenda
851 474 1081 521 cerebella.
1109 476 1324 523 Exhibuit
1352 476 1557 540 aliquan-

265 547 327 592 do
365 547 415 594 &
443 545 529 592 tale
555 545 827 594 convivium
846 582 860 604 ,
888 559 937 593 ut
963 548 1143 595 haberet
1174 548 1338 611 viginti
1373 551 1424 598 &
1458 551 1554 596 duo

266 617 438 666 fercula
472 617 722 682 ingentium
747 619 977 682 epularum
994 656 1008 678 ,
1039 620 1110 667 sed
1139 637 1215 683 per
1236 621 1403 684 fingula
1428 622 1555 669 lava-

265 704 393 750 rent,
423 693 475 741 &
520 693 785 741 mulieribus
822 707 1056 741 uterentur
1089 695 1139 741 &
1172 694 1264 756 ipse
1301 696 1352 741 &
1390 694 1555 750 amici,

265 783 368 812 cum
393 765 712 827 jurejurando,
732 768 858 832 quod
887 769 1113 816 efficerent
1145 768 1443 830 voluptatem.
1463 768 1554 814 Ce-

263 840 456 889 lebravit
481 841 588 887 item
616 841 704 887 tale
725 841 1026 899 convivium,
1048 856 1097 889 ut
1123 842 1240 904 apud
1268 840 1439 888 amicos
1465 839 1553 887 fin-

263 912 396 974 gulos
420 912 581 976 finguli
600 913 753 961 miffus
769 926 1117 976 appararentur,
1133 916 1182 962 &
1197 929 1299 962 cum
1323 915 1435 960 alter
1461 928 1554 959 ma-

265 995 392 1031 neret
422 984 471 1032 in
499 984 768 1047 Capitolio,
800 987 912 1033 alter
946 986 993 1033 in
1030 986 1230 1044 Palatio,
1275 987 1387 1033 alter
1423 983 1554 1047 super

265 1059 485 1121 Aggerem
502 1093 515 1116 ,
542 1058 654 1105 alter
678 1058 724 1105 in
752 1059 935 1117 Coelio,
962 1059 1073 1106 alter
1102 1070 1223 1106 trans
1245 1057 1476 1115 Tiberim,
1502 1059 1554 1104 &

267 1142 317 1176 ut
345 1129 533 1193 quisque
554 1130 798 1189 mansisset,
826 1143 974 1178 tamen
1001 1148 1080 1193 per
1100 1131 1305 1178 ordinem
1326 1131 1373 1177 in
1397 1146 1554 1177 eorum

266 1201 477 1248 domibus
521 1201 692 1266 fingula
734 1202 903 1249 fercula
939 1204 1200 1260 ederentur,
1235 1203 1463 1266 ireturque
1499 1202 1555 1248 ad

267 1275 474 1321 omnium
495 1275 685 1322 domos:
704 1276 761 1322 fic
784 1293 922 1323 unum
951 1276 1226 1324 convivium
1247 1276 1327 1324 vix
1355 1288 1459 1323 toto
1482 1275 1554 1321 die

267 1347 445 1394 {initum
477 1347 565 1406 est,
600 1366 701 1396 cum
732 1350 781 1397 &
813 1350 1017 1396 lavarent
1053 1364 1131 1412 per
1160 1348 1327 1412 fingula
1360 1348 1555 1403 fercula,

266 1422 315 1466 <tc
342 1420 604 1468 mulieribus
627 1435 877 1469 uterentur.
905 1422 1209 1486 Sybariticum
1241 1421 1414 1468 missum
1445 1421 1553 1467 sem·

265 1509 343 1554 per
366 1493 570 1540 exhibuit
594 1511 651 1541 cx
678 1495 785 1542 oleo
809 1497 858 1542 δε
886 1511 1019 1558 garo:
1038 1512 1172 1558 quem
1201 1510 1295 1556 quo
1319 1510 1442 1540 anno
1466 1496 1552 1556 Sy·

265 1566 745 1629 baritae¹repererunt‚
787 1568 1032 1630 perierunt.
1066 1566 1250 1614 Dicitur
1284 1568 1332 1614 &
1373 1566 1552 1612 balneas

267 1638 413 1686 fecisse
436 1640 585 1689 multis
607 1642 719 1690 locis
736 1676 749 1699 ,
766 1659 817 1689 ac
831 1642 962 1689 semel
976 1641 1129 1689 laviffe
1142 1676 1155 1700 ,
1169 1653 1310 1702 atque·
1320 1641 1462 1687 statim
1481 1641 1552 1687 de-

266 1713 499 1771 struxiffe,
523 1730 580 1760 ne
605 1729 661 1760 ex
689 1714 766 1760 usu
794 1714 972 1762 balneas
1001 1714 1197 1762 haberet.
1225 1715 1327 1761 Hoc
1346 1713 1466 1760 ⁴idem
1497 1713 1552 1758 de

266 1785 505 1844 domibus,
528 1787 581 1832 de
603 1786 856 1848 praetoriis,
879 1787 934 1833 de
962 1786 1068 1834 zetis
1092 1786 1236 1834 feciffe
1263 1785 1439 1833 dicitur.
1466 1785 1552 1830 Sed

266 1858 315 1904 &
340 1857 437 1904 haec
458 1857 676 1904 nonnulla
703 1857 837 1904 fidem
858 1857 1129 1904 transeuntia
1145 1892 1157 1913 ‚
1182 1857 1318 1903 credo
1349 1857 1432 1903 effe
1453 1855 1550 1902 fifla

265 1931 321 1975 ab
342 1929 395 1976 iis
411 1965 426 1989 ‚
444 1930 521 1993 qui
549 1930 595 1975 in
616 1930 802 1993 gratiam
827 1930 1074 1979 Alexandri
1103 1929 1445 1992 Heliogabalum
1469 1929 1550 1976 de-

269 2002 464 2050 formare
486 2003 750 2049 voluerunt.

329 2077 504 2123 XXXI.
536 2079 689 2124 Fertur
717 2077 767 2123 &
794 2076 1073 2123 meretricem
1094 2074 1364 2121 notiffimam
1385 2075 1435 2123 &
1452 2075 1551 2138 pul-

267 2148 536 2196 cherrimam
575 2147 802 2195 redemiffe
836 2163 1017 2195 centum
1052 2147 1323 2205 sestertium,
1359 2163 1549 2210 eamque

265 2224 471 2270 intaElam
489 2258 500 2280 ‚
520 2222 643 2269 velut
675 2222 897 2286 virginem
924 2221 1121 2270 coluiffe.
1146 2221 1262 2268 Huic
1289 2220 1432 2268 eidem
1452 2220 1547 2283 pri-

267 2311 377 2343 vato
399 2314 500 2345 cum
529 2297 709 2360 quidam
739 2296 934 2355 diceret,
963 2297 1063 2341 Non
1091 2297 1210 2340 times
1230 2312 1390 2355 pauper
1408 2294 1543 2352 fieri?

264 2369 420 2418 dixisse
443 2368 629 2428 dicitur,
662 2371 785 2432 Quid
813 2372 986 2426 melius,
1019 2386 1140 2428 quam
1171 2382 1215 2412 ut
1240 2366 1320 2427 ips&
1347 2366 1448 2409 mihi
1470 2367 1541 2409 lze·

266 2444 419 2508 s-:sstm
447 2441 490 2491 δ’
515 2446 641 2490 uxori
674 2445 806 2490 meae?
844 2443 1072 2490 Habuerat
1102 2452 1315 2505 praeterea
1345 2437 1537 2489 facultae
