1714 2807
315 139 371 203 58
561 141 770 187 JUL11
818 141 1320 190 CAP1TOL1N1

391 248 812 295 XXX111.Fuerunt
830 247 907 294 sub
931 249 1170 314 Gordiano
1195 251 1352 299 Romae
1374 251 1587 314 elephan-

312 319 345 366 ti
368 320 546 382 triginta
573 321 623 367 δε
649 321 768 379 duo,
795 338 993 384 quorum
1019 322 1107 383 ipse
1129 323 1367 370 duodecim
1395 323 1591 381 miserat,

315 394 569 439 Alexander
591 394 770 440 decem:
792 394 908 440 alces
933 395 1082 441 decem
1103 427 1114 448 ‚
1135 396 1266 458 tigres
1289 396 1441 442 decem
1457 433 1471 454 ,
1493 397 1591 442 leo-

313 483 390 513 nes
422 468 633 513 mansueti
670 466 891 529 sexaginta
911 503 925 524 ‚
955 468 1156 529 leopardi
1185 469 1399 516 mansueti
1433 470 1593 533 trigin-

311 554 386 596 ta,
419 541 564 597 belbi,
593 542 638 586 id
667 541 754 594 est,
781 541 956 603 hyoenae
975 578 985 594 ‚
1017 542 1190 587 decem:
1217 541 1510 604 gladiatorum
1542 541 1593 586 fi-

311 611 491 659 scalium
521 614 641 675 paria
680 614 825 659 mille:
863 614 1212 676 hippopotamus
1244 617 1292 662 &
1328 616 1593 662 rhinoceros

312 702 454 731 unus:
482 687 794 732 archoleontes
827 686 1008 741 decem,
1039 688 1380 749 camelopardali
1410 689 1559 736 decern
1580 724 1592 746 ,

311 759 465 821 onagri
491 758 681 820 viginti,
704 758 806 820 equi
830 757 911 804 feri
937 759 1252 822 quadraginta,
1273 763 1322 807 ὅ(
1346 773 1490 807 cetera
1510 762 1592 806 hu·

309 826 502 888 jusmodi
523 829 728 875 animalia
744 866 757 887 ‚
779 831 1014 878 innumera
1036 834 1084 880 &
1104 833 1300 880 diversa:
1316 851 1417 896 quae
1440 834 1594 881 omnia

310 902 540 963 Philippus
578 902 691 948 ludis
725 903 989 951 secularibus
1030 906 1099 951 vel
1129 906 1275 962 dedit,
1308 907 1379 953 vel
1413 907 1594 954 occidit.

312 976 402 1022 Has
427 989 571 1022 autem
596 992 754 1023 omnes
783 978 894 1025 feras
922 980 1197 1036 mansuetas,
1224 980 1274 1026 &
1301 995 1509 1043 praeterea
1530 980 1596 1025 ef·

311 1048 447 1106 feras,
468 1050 648 1112 parabat
680 1051 733 1096 ad
757 1052 1032 1115 triumphum
1063 1053 1309 1098 Persicum:
1332 1051 1402 1097 sed
1434 1065 1594 1099 votum

311 1123 540 1184 publicum
583 1124 694 1170 nihil
726 1125 881 1172 valuit.
918 1144 1018 1172 nam
1052 1125 1203 1172 omnia
1243 1126 1338 1171 haec
1370 1125 1596 1186 Philippus

308 1197 512 1244 exhibuit
532 1198 800 1246 secularibus
826 1200 941 1246 ludis
955 1236 967 1258 ,
983 1202 1031 1247 ὅ(
1052 1199 1323 1252 muneribus,
1343 1214 1474 1262 atque
1495 1199 1598 1244 Cir-

310 1269 512 1316 censibus
528 1304 542 1327 ,
560 1287 662 1316 cum
685 1271 962 1318 millefimum
985 1274 1040 1318 ab
1071 1273 1193 1320 Urbe
1220 1272 1403 1319 condita
1428 1289 1595 1317 annum

310 1343 359 1389 in
389 1345 640 1390 Consulatu
670 1345 750 1392 suo
781 1346 831 1393 &
858 1344 939 1392 filii
973 1346 1039 1393 sui
1070 1346 1329 1394 celebravit.
1371 1347 1512 1406 Quod
1543 1348 1597 1392 de

309 1415 422 1476 Cajo
446 1417 620 1463 Caesare
650 1418 882 1465 memoriae
915 1418 1125 1465 traditum
1159 1418 1243 1476 est,
1271 1419 1361 1466 hoc
1387 1418 1518 1465 etiam
1544 1421 1597 1463 de

313 1490 554 1538 Gordiano
587 1491 766 1539 Cordus
798 1492 994 1539 evenisse
1023 1492 1267 1555 perscribit.
1293 1508 1392 1538 nam
1422 1507 1599 1549 omnes,

309 1563 573 1626 quicunque
599 1564 724 1610 illum
745 1565 896 1628 gladio
923 1567 1264 1628 appetiverunt,
1297 1564 1397 1628 (qui
1430 1581 1596 1612 novem

311 1637 435 1684 fuisse
454 1639 688 1699 dicuntur)
708 1639 855 1701 postea
874 1639 1144 1697 ‚interemtis
1165 1639 1400 1701 Philippis,
1419 1638 1489 1685 sua
1508 1655 1599 1684 ma-

311 1726 376 1755 nu
405 1708 577 1772 suisque
605 1711 785 1773 gladiis,
804 1713 852 1759 &
882 1710 1060 1769 iisdem,
1088 1711 1250 1774 quibus
1278 1711 1399 1757 illum
1420 1709 1599 1773 percus·

312 1781 485 1836 serant,
510 1782 704 1829 interisse
729 1783 953 1830 dicuntur.

396 1857 615 1903 XXX1V.
644 1857 804 1904 Trium
836 1857 970 1922 igitur
1006 1858 1350 1904 Gordianorum
1381 1855 1476 1902 haec
1514 1853 1600 1901 fuit

313 1928 438 1986 vita,
465 1929 541 1992 qui
565 1946 723 1977 omnes
747 1931 932 1994 Augusti
959 1931 1168 1992 appellati
1198 1931 1324 1986 sunt,
1352 1929 1526 1975 duobus
1552 1928 1599 1973 in

315 2001 470 2049 Africa
498 2002 773 2060 intereuntis,
799 2004 843 2050 in
877 2004 1060 2051 Persidis
1095 2002 1257 2050 finibus
1295 2001 1444 2049 tertio.
1473 2003 1599 2047 Gor-

315 2073 451 2120 diano
474 2073 719 2137 sepulcrum
750 2075 911 2122 milites
938 2077 1054 2136 apud
1079 2074 1306 2133 Circeium
1331 2073 1514 2120 castrum
1537 2072 1600 2119 fe-

315 2157 502 2203 cerunt,
533 2145 577 2190 in
603 2144 765 2193 finibus
799 2147 1008 2204 Persidis,
1038 2147 1214 2192 titulum
1244 2144 1500 2204 hujusmodi
1523 2144 1604 2190 ad-

316 2220 494 2277 dentes,
526 2221 575 2267 &
599 2220 770 2267 Graecis
790 2257 802 2277 ‚
832 2223 880 2268 &
905 2220 1072 2267 Latinis
1089 2256 1102 2277 ‚
1129 2222 1177 2268 δε
1213 2218 1418 2274 perficis,
1453 2218 1502 2264 &
1527 2218 1602 2263 Ju-

316 2293 483 2352 daicis,
507 2297 553 2342 &
586 2294 865 2357 AEgyptiacis
894 2294 1055 2350 literis,
1085 2307 1134 2339 ut
1159 2294 1213 2339 ab
1243 2291 1454 2338 omnibus
1481 2290 1600 2353 lege-

317 2380 608 2414 returzmvo
641 2381 915 2414 GORDIANO
949 2381 1166 2413 VICToat
1200 2377 1501 2421 PFJOEARUM,
1523 2377 1602 2408 νι-

318 2453 476 2488 CTORI
499 2454 808 2489 GOTHORUM
825 2476 839 2500 ‚
857 2453 1075 2486 VICTORI
1100 2450 1491 2496 SARMATARUM,
1515 2448 1600 2481 DF.-
