1637 2785
248 140 265 146 ’
302 142 668 191 ΑΝῖοΝιΝυε
705 141 1132 190 D1ADUMENUS.
1268 158 1355 206 223

81 250 274 301 coelestis
307 250 521 308 emicuit,
549 263 598 296 ut
633 262 853 295 amaretur
885 249 941 294 ab
976 248 1187 296 omnibus
1221 250 1362 313 gratia

79 326 334 374 venustatis,
361 327 466 370 Haec
485 323 608 380 sunt,
629 339 728 384 quae
760 322 813 368 de
841 321 1032 384 imperio
1057 323 1181 385 pueri
1210 325 1362 371 dicen-

79 403 132 449 da
159 400 334 464 putavi.
359 401 494 446 Nunc
520 396 752 444 veniamus
774 395 825 442 ad
853 395 1007 441 omina
1034 395 1236 457 imperii,
1259 414 1363 458 quae

80 491 181 520 cum
201 473 245 519 in
268 473 388 531 aliis,
415 486 510 518 tum
531 471 576 517 in
597 471 688 517 hoc
706 469 931 532 praecipue
949 470 1046 516 sunt
1071 470 1297 532 stupenda.

143 548 218 592 lV.
247 544 337 591 Die
354 579 367 603 ‚
385 560 472 606 qua
493 555 618 589 natus
636 540 697 588 est
711 577 722 599 ,
739 553 863 603 pater
888 539 982 601 ejus
1005 558 1219 604 purpuras
1234 578 1246 600 ,
1263 556 1361 591 tum

79 618 196 666 forte
223 631 497 682 procurator
524 615 611 678 jam
644 615 788 662 aerarii
822 614 1005 676 majoris
1023 651 1037 672 ‚
1067 615 1285 678 inspexit,
1311 620 1363 666 &

79 709 188 754 quas
219 693 355 740 claras
387 689 622 754 probavit,
656 688 702 735 in
734 689 779 735 id
816 689 1038 736 conclave
1066 689 1205 752 redigi
1243 707 1363 753 prae-

77 765 223 826 cepit,
255 764 303 810 in
335 781 429 827 quo
460 762 560 826 post
588 763 696 808 duas
729 761 862 808 horas
890 761 1202 808 Diadumenus
1236 777 1362 811 natus

79 839 154 885 est.
191 840 348 885 Solent
384 838 544 885 deinde
576 836 700 900 pueri
745 837 866 899 pileo
906 837 1106 900 insigniri
1146 839 1362 899 naturali,

77 913 204 974 quod
221 912 483 960 obstetrices
502 912 710 974 rapiunt,
730 912 777 958 δι
794 910 1027 957 advocatis
1044 912 1236 958 credulis
1253 929 1362 959 ven-

77 983 216 1042 dunt,
250 984 464 1047 liquidem
496 983 704 1030 causidici
738 982 827 1028 hoc
866 980 1016 1043 juvari
1040 983 1282 1044 ¹dicuntur:
1318 997 1363 1033 at

76 1057 155 1105 iste
181 1075 290 1120 puer
325 1058 492 1120 pileum
521 1073 616 1104 non
649 1055 838 1113 habuit,
864 1055 935 1102 sed
971 1057 1169 1104 diadema
1199 1070 1363 1115 tenue,

76 1128 148 1174 sed
173 1128 232 1175 ita
259 1129 406 1185 forte,
432 1142 481 1175 ut
509 1127 657 1190 rumpi
682 1145 778 1174 non
810 1129 1036 1190 potuerit,
1071 1130 1201 1176 venis
1225 1130 1364 1177 inter-

76 1202 335 1250 cedentibus
366 1201 509 1264 specie
533 1201 661 1249 nervi
695 1200 919 1264 sagittarii.
942 1204 1107 1248 Ferunt
1144 1203 1364 1266 denique,

75 1278 382 1322 Diadematum
407 1291 590 1337 puerum
622 1276 916 1337 appellatum,
939 1275 1009 1321 sed
1030 1276 1105 1322 ubi
1128 1277 1331 1324 adolevit
1347 1314 1361 1334 ‚

74 1346 148 1393 avi
188 1347 251 1393 sui
288 1347 474 1393 nomine
512 1347 731 1403 materni,
764 1349 1086 1394 Diadumenum
1121 1365 1362 1404 vocatum;

76 1420 285 1481 quamvis
305 1436 399 1466 non
429 1419 618 1465 multum
642 1420 926 1465 abhorruerit
950 1421 1103 1466 abillo
1126 1422 1250 1485 signo
1270 1424 1361 1468 dia-

75 1491 259 1538 dematis
280 1507 446 1537 nomen
469 1490 760 1538 Diadumeni.
782 1494 830 1537 ln
854 1508 964 1554 agro
983 1492 1118 1554 patris
1137 1494 1229 1554 ejus
1247 1510 1363 1540 oves

76 1581 319 1626 purpureas
339 1566 579 1611 duodecim
599 1563 749 1610 ferunt
770 1577 892 1610 natas
907 1600 918 1620 ‚
941 1563 1128 1627 quarum
1152 1583 1239 1612 una
1264 1582 1360 1613 tan-

73 1654 168 1687 tum
192 1642 316 1688 varia
335 1641 483 1687 fuerit.
500 1641 661 1686 Eadem
681 1640 769 1696 die,
790 1657 877 1703 qua
899 1639 971 1686 hic
992 1653 1121 1686 natus
1143 1640 1361 1704 est.aqui-

74 1716 159 1760 lam
183 1715 222 1761 ei
254 1714 427 1761 constat
453 1713 604 1759 senfim
638 1713 896 1773 palumbum
923 1713 1092 1775 regium
1118 1715 1358 1776 parvulum

74 1787 261 1832 attuliffe
280 1822 293 1844 ‚
325 1789 373 1834 &
407 1785 595 1847 posuisse
621 1785 664 1830 in
692 1787 819 1832 cunis
847 1786 1118 1846 dormienti,
1145 1804 1197 1833 ac
1218 1787 1361 1835 reces-

72 1858 163 1904 fiffe
186 1858 274 1904 fine
305 1874 441 1904 noxa.
473 1857 732 1921 Panthagati
762 1857 808 1903 in
837 1857 979 1905 domo
1007 1860 1140 1921 patris
1169 1859 1264 1921 ejus
1285 1861 1359 1907 ni-

72 1933 177 1978 dum
201 1933 461 1994 posuerunt.

137 2005 193 2052 V.
224 2004 305 2051 His
335 2003 511 2060 diebus,
538 2001 702 2064 quibus
729 2000 802 2048 ille
831 2013 962 2050 natus
990 2003 1079 2062 est,
1109 2006 1357 2053 mathema-

71 2077 177 2134 tici,
192 2091 372 2140 accepta
392 2076 588 2140 genitura
605 2075 714 2136 ejus,
732 2077 1127 2136 exclamaverunt,
1146 2080 1357 2142 &ipsum

72 2150 214 2197 filium
235 2150 520 2211 Imperatoris
542 2151 643 2204 effe,
659 2153 705 2197 ὅ(
723 2150 863 2212 ipsum
885 2154 1357 2216 Imperatoremzquafi

70 2238 211 2271 mater
247 2223 341 2284 ejus
368 2225 608 2271 adulterata
649 2224 777 2281 esset,
807 2225 933 2288 quod
971 2225 1087 2272 fama
1124 2227 1356 2275 retinebat.

72 2299 189 2345 Huic
211 2299 353 2345 eidem
378 2299 525 2362 aquila
553 2299 718 2361 pileum
747 2300 791 2345 in
823 2316 931 2364 agro
955 2300 1199 2347 ambulanti
1228 2301 1385 2367 tulitt,

72 2372 123 2420 &
159 2389 259 2419 cum
291 2374 512 2420 comitum
548 2373 730 2421 infantis
763 2375 932 2420 clamor
966 2374 1070 2420 effer
1104 2373 1270 2432 fa&us‚
1306 2374 1355 2420 in

71 2459 370 2494 monumento
394 2447 545 2511 regio,
570 2448 695 2511 quod
717 2447 840 2509 juxta
866 2447 1020 2498 villam
1043 2446 1170 2509 effet,
1191 2446 1240 2497 in
1269 2462 1354 2513 qua
