1714 2807
330 152 420 214 ηε
538 151 769 196 [ΕΗΙ
839 151 1415 200 LAMPRIDII

391 261 469 306 IX.
506 261 622 306 Cum
664 257 998 306 Marcomannis
1036 259 1201 306 bellum
1238 259 1403 306 inferre
1435 260 1604 318 vellet,

324 334 450 395 quod
470 331 725 378 Antoninus
757 331 1052 393 pulcherrime
1074 331 1414 395 profligaverat,
1436 331 1601 378 dietum

323 405 384 451 cst
416 422 439 450 a
467 403 725 465 quibusdam
744 439 757 460 ‚
784 420 863 465 per
883 405 1121 451 Chaldaeos
1151 406 1198 452 &
1224 420 1375 466 magos
1405 403 1604 450 Antoni-

323 494 429 523 num
458 479 656 526 Marcum
678 478 722 523 id
737 478 891 540 egisse,
912 489 962 524 ut
984 478 1296 524 Marcomanni
1319 478 1488 539 populo
1509 477 1603 522 Ro-

320 566 457 596 mano
484 549 654 612 semper
673 550 830 596 devoti
853 550 1130 612 effentatque
1153 550 1305 605 amici,
1325 551 1457 612 idque
1479 550 1600 597 faffis

319 622 616 669 carminibus:
636 625 683 670 &
706 622 1088 670 consecrationem
1108 639 1209 669 cum
1232 635 1477 685 quaereret,
1498 639 1600 685 quae

318 695 394 742 illa
423 696 527 742 esset
546 732 560 753 ,
587 698 661 743 vel
693 696 766 742 ubi
803 696 935 752 esset,
970 696 1238 757 suppressum
1270 696 1343 743 est.
1373 695 1600 743 constabat

319 770 456 823 enim,
478 769 603 814 illum
627 770 688 815 ob
706 769 793 815 hoc
817 767 1197 814 consecrationem
1219 782 1600 831 quaerere,uteam

320 842 540 902 dissiparet
571 840 643 902 spe
674 841 775 887 belli
804 839 1087 887 concitandi:
1112 842 1158 887 &
1185 840 1355 887 idcirco
1380 841 1600 897 maxime,

316 915 443 976 quod
467 914 667 960 audierat
692 914 953 974 responsum
978 912 1131 969 fuisse,
1153 913 1207 960 ab
1233 913 1471 960 Antonino
1502 913 1600 960 bel-

317 988 407 1033 lum
440 986 858 1033 Marcomannicum
885 985 1163 1041 finiendum3
1187 1002 1288 1032 cum
1319 985 1392 1032 hic
1410 986 1597 1044 Varius,

315 1064 363 1109 &
400 1061 742 1124 Heliogabalus,
762 1061 810 1107 &
838 1059 1073 1106 ludibrium
1096 1060 1325 1121 publicum
1351 1060 1596 1116 diceretur;

314 1150 482 1179 nomen
518 1145 663 1178 autem
702 1130 927 1178 Antonini
958 1130 1208 1192 pollueret,
1239 1130 1285 1176 in
1313 1131 1437 1194 quod
1466 1131 1598 1178 inva-

316 1204 442 1251 serat.
472 1205 748 1251 Prodebatur
776 1214 923 1250 autem
955 1219 1032 1263 per
1063 1219 1139 1249 eos
1166 1202 1358 1249 maxime
1376 1239 1389 1260 ,
1409 1203 1486 1265 qui
1516 1204 1598 1250 do-

316 1277 492 1334 lebant,
517 1277 597 1323 fibi
633 1275 838 1322 homines
864 1276 917 1321 ad
951 1274 1219 1322 exercendas
1251 1274 1456 1322 libidines
1484 1275 1596 1322 bene

316 1350 494 1396 vasatos
525 1350 574 1396 δε
601 1348 781 1408 majoris
813 1347 975 1409 peculii
1007 1347 1198 1409 opponi.
1220 1347 1352 1393 Unde
1379 1347 1510 1394 etiam
1541 1349 1594 1396 de

314 1437 424 1467 nece
451 1420 542 1480 ejus
574 1420 762 1482 cogitari
794 1420 945 1480 coepit.
977 1422 1030 1465 Et
1056 1422 1152 1467 haec
1180 1420 1360 1482 quidem
1391 1421 1530 1468 domi0

378 1495 437 1540 X.
469 1494 553 1540 Sed
580 1491 773 1549 milites,
800 1492 961 1553 pestem
990 1491 1110 1537 illam
1148 1492 1287 1537 velari
1311 1491 1594 1553 lmperatoris

313 1566 524 1623 nomine,
552 1564 642 1628 pati
668 1564 1000 1627 nequiverunt,
1020 1581 1071 1610 ac
1106 1562 1295 1625 primum
1332 1563 1448 1609 inter
1479 1564 1594 1622 sese,

312 1638 471 1685 deinde
491 1655 567 1699 per
588 1653 783 1685 coronas
805 1636 947 1696 jecere
967 1636 1213 1691 sermones,
1229 1635 1274 1680 in
1292 1636 1593 1683 Alexandrum

311 1727 472 1757 omnes
491 1711 788 1765 inclinantes,
813 1710 889 1772 qui
916 1709 998 1766 iam
1018 1708 1163 1756 Caesar
1190 1721 1283 1754 erat
1299 1725 1323 1754 a
1347 1709 1507 1755 Senatu
1528 1710 1594 1756 di·

316 1785 410 1830 cius
431 1801 486 1830 eo
508 1797 738 1845 tempore,
755 1799 847 1845 quo
867 1781 1091 1829 Macrinus
1106 1816 1119 1839 ,
1139 1779 1437 1828 consobrinus
1459 1780 1592 1843 hujus

313 1856 564 1912 Antonini3
597 1873 695 1901 nam
720 1855 853 1902 Varia
883 1872 971 1901 una
998 1854 1065 1902 his
1091 1866 1184 1900 erat
1205 1853 1333 1901 avia:
1359 1854 1475 1900 unde
1496 1855 1591 1900 He-

312 1929 556 1989 liogabalus
577 1928 738 1974 Varius
756 1928 996 1974 dicebatur.
1026 1926 1209 1973 Zoticus
1237 1925 1314 1971 sub
1340 1942 1396 1971 eo
1418 1940 1590 1974 tantum

311 1999 486 2056 valuit,
521 2015 571 2046 ut
603 2000 658 2046 ab
676 2000 897 2061 xomnibus
929 1998 1184 2045 officiorum
1224 1996 1499 2059 principibus
1529 1997 1589 2046 fic

310 2073 569 2130 haberetur,
585 2073 705 2138 quasi
727 2073 898 2119 domini
922 2072 1098 2118 maritus
1117 2071 1234 2118 effer.
1250 2072 1352 2118 Erat
1377 2084 1588 2133 praeterea

308 2146 426 2193 idem
458 2145 671 2199 Zoticus,
703 2145 780 2207 qui
811 2146 898 2191 hoc
928 2143 1234 2191 familiaritatis
1265 2144 1449 2190 nomine
1480 2144 1587 2191 abu-

309 2231 429 2276 tens,
456 2218 608 2265 omnia
632 2216 911 2279 Heliogabali
932 2216 1044 2262 dieia
1071 2218 1119 2263 &
1141 2215 1250 2262 faEla
1279 2215 1493 2263 venderet
1514 2214 1586 2261 fu-

309 2292 421 2348 mis,
447 2307 578 2352 quam
609 2291 801 2337 maxime
823 2289 1000 2336 divitias
1025 2305 1229 2335 enormes
1257 2288 1462 2351 sperans;
1483 2304 1584 2334 cum

310 2362 406 2408 aliis
430 2363 702 2420 minaretur,
730 2362 825 2409 aliis
854 2362 1168 2423 polliceretur,
1196 2377 1353 2408 omnes
1382 2359 1582 2416 falleret,

309 2434 621 2499 egrediensque
647 2435 702 2482 ab
730 2430 818 2482 illo'
837 2433 1030 2498 singulos
1058 2433 1223 2493 adiret,
1250 2431 1429 2491 dicem,
1450 2432 1522 2477 De
1545 2446 1581 2477 ec
