1714 2807
321 165 411 214 300
535 151 760 198 AELII
827 149 1397 201 LAMPR1D11

318 275 387 303 rus
416 262 547 316 mille,
575 257 618 304 δ’
638 262 834 305 adducere
865 261 1157 319 interseft'orum
1182 265 1431 307 animalium
1453 280 1589 309 currus

318 333 508 376 ducentos
524 332 740 391 potuimus
752 348 767 375 .·
777 333 861 391 fid
881 334 951 390 id,
976 337 1071 393 quia
1090 332 1247 394 &fingi
1268 351 1449 393 poterat,
1466 334 1590 392 face-

318 423 355 449 re
366 405 678 464 supersedimus.
707 408 875 451 Centum
904 404 946 451 δ’
971 409 1126 468 viginti
1157 411 1293 453 millia
1319 408 1591 468 equitumfu-

318 480 484 524 dimus:
514 478 883 538 εαῑαρῆναὲἶανὶος,
914 498 1013 540 quos
1042 483 1108 525 illi
1138 483 1383 526 clibanarios
1415 497 1590 536 vocant,

316 551 445 594 decem
474 551 611 595 millia
644 554 688 596 in
718 554 818 597 bello
856 553 1160 598 interemimus:
1191 572 1325 598 corum
1354 556 1481 598 armis
1509 571 1590 597 no-

304 623 414 686 stros
440 625 709 669 armavimus.
740 627 900 669 Multos
940 626 1156 684 Persarum
1186 628 1383 684 cepimus,
1415 627 1591 684 eosdem-

317 712 391 753 que
423 698 689 740 vendidimus.
724 698 865 742 Terras
900 700 1218 742 Interamnanas
1239 732 1251 753 ,
1284 698 1591 757 Mesopotamiae

306 765 464 824 scilicet
479 801 490 820 ,
507 768 702 826 neglec‘ias
720 771 771 811 ab
790 770 951 827 impura
973 771 1047 812 illa
1071 771 1203 813 bellua
1217 802 1229 824 ‚
1249 770 1475 827 recepimus.
1499 773 1592 813 Ar·

317 853 518 882 taxerxen
532 838 872 900 ‚potentiffi'mum
896 856 1044 900 regem,
1069 855 1152 884 tam
1170 858 1230 892 re,
1250 857 1373 898 quam
1403 842 1594 897 nomine,

309 906 454 966 fusum
472 908 745 968 fugavimus,
783 912 843 954 ita
871 926 918 955 ut
942 929 1029 955 eum
1058 926 1159 955 terra
1189 912 1406 970 Persarum
1420 910 1594 973 fitgierzq

317 997 394 1024 tem
422 983 594 1037 videret,
615 979 658 1026 G*
685 1000 764 1041 qua
790 984 910 1028 dulia
929 983 1103 1040 fuerant
1126 986 1331 1044 quondam
1351 983 1479 1046 figna
1513 1003 1593 1030 no-

304 1053 482 1117 strorum
498 1087 511 1109 ‚
531 1072 578 1098 ea
597 1072 669 1098 rex
691 1055 774 1113 ipse
784 1054 926 1116 fignis
954 1053 1135 1118 effugerit
1164 1057 1325 1102 relic‘lis.
1350 1056 1593 1114 Haecfitnc‚

320 1126 466 1170 Patres
493 1127 735 1186 conscripti,
755 1129 873 1190 gesta.
896 1130 1149 1188 Eloquentia
1176 1146 1277 1189 opus
1295 1147 1378 1174 non
1409 1131 1487 1194 est:
1511 1130 1595 1173 mi-

320 1201 408 1243 lites
451 1201 596 1243 divites
639 1202 825 1245 redeunt:
856 1203 1030 1246 lahorem
1067 1204 1113 1246 in
1153 1202 1321 1247 vic70ria
1354 1220 1470 1246 nemo
1490 1202 1595 1259 sen-

318 1277 381 1319 tit.
401 1277 443 1314 V
441 1273 578 1336 estrum
609 1272 682 1337 est,
702 1273 1053 1333 supplicationem
1080 1276 1279 1319 decernere
1294 1308 1306 1330 ,
1330 1292 1377 1318 ne
1402 1275 1510 1318 Diis
1529 1275 1593 1318 vi-

318 1347 488 1390 deamur
509 1344 675 1404 ingrati.
701 1346 977 1391 Acclamatio
1002 1346 1207 1391 Senatus:
1231 1349 1480 1391 Alexander
1499 1350 1594 1392 Au-

314 1417 445 1480 guste,
470 1419 559 1462 Dii
583 1433 619 1462 te
635 1418 810 1477 servent.
839 1419 989 1482 Perfice
1017 1422 1225 1473 maxime,
1248 1422 1335 1465 Dii
1365 1435 1400 1465 te
1414 1421 1596 1480 servent.

321 1493 420 1534 Vere
458 1493 704 1547 Parthicus,
741 1511 826 1537 vere
861 1492 1057 1554 Persicus.
1096 1494 1294 1552 Troplzaea
1327 1508 1400 1538 tua
1443 1490 1486 1538 δ’
1517 1511 1594 1538 nos

318 1565 526 1622 videmus,
548 1565 747 1611 victorias
772 1561 815 1609 δ’
833 1582 909 1610 nos
928 1567 1124 1610 videmus.
1143 1565 1296 1611 Juveni
1325 1560 1594 1625 Imperatori,

321 1637 443 1682 Patri
462 1640 633 1697 patriae,
662 1639 860 1697 Pontifici
894 1640 1112 1683 maximo.-
1137 1657 1212 1698 per
1239 1655 1274 1684 te
1308 1639 1518 1684 vicJoriam
1547 1641 1596 1683 de

317 1708 536 1754 Germanis
550 1710 799 1770 speramus:
821 1726 893 1769 per
917 1725 953 1753 te
991 1708 1203 1754 vic'loriam
1238 1711 1416 1770 undique
1443 1709 1594 1769 praesu·

319 1782 483 1824 mimus.
519 1783 586 1825 ille
616 1782 777 1836 vincit,
803 1782 873 1840 qui
907 1782 1056 1825 milites
1092 1781 1200 1841 regit.
1237 1782 1350 1826 dives
1385 1783 1594 1838 Senatus,

318 1853 431 1896 dives
459 1852 602 1906 miles,
630 1854 743 1896 dives
775 1854 954 1912 populus
990 1853 1220 1897 Romanus,

386 1925 518 1969 LVII.
554 1924 749 1970 Dimifl'o
775 1927 961 1981 Senatu,
981 1923 1256 1986 Capitolium
1282 1922 1504 1978 ascendit,
1531 1933 1596 1969 at-

319 2011 405 2059 que
427 1995 529 2041 inde
556 2012 603 2041 re
627 1995 782 2041 divina
800 1994 912 2042 faRa
928 2031 941 2053 ,
961 1997 1009 2043 δι
1030 1994 1192 2042 tunicis
1217 1994 1393 2041 perficis
1415 1995 1460 2039 in
1480 2007 1596 2040 tem-

320 2069 399 2131 pio
429 2068 607 2125 locatis,
644 2067 912 2115 concionem
956 2067 1212 2130 hujusmodi
1244 2067 1418 2114 habuit:
1450 2068 1596 2128 Quiri-

320 2160 378 2188 tes
398 2176 410 2199 ,
442 2143 614 2200 vicimus
642 2141 803 2201 Persas.
837 2143 989 2187 milites
1020 2141 1164 2187 divites
1196 2141 1445 2186 reduximus.
1479 2140 1596 2185 vobis

322 2218 573 2277 congiarium
601 2216 873 2275 pollicemur,
899 2233 989 2261 cras
1028 2217 1147 2260 ludos
1179 2214 1377 2274 Circenses
1415 2212 1596 2275 Perficos

322 2291 527 2334 dabimus.
558 2287 668 2334 Haec
700 2302 782 2333 nos
817 2287 864 2333 &
894 2285 938 2331 in
971 2285 1227 2341 annalibus,
1257 2286 1306 2331 &
1333 2284 1448 2346 apud
1479 2283 1595 2328 mul-

323 2372 394 2406 tos
415 2359 668 2422 reperimus.
689 2357 770 2404 Sed
792 2357 968 2421 quidam
993 2356 1176 2414 dicunt,
1193 2372 1216 2401 a
1241 2355 1371 2401 servo
1393 2354 1471 2400 suo
1492 2370 1591 2401 eum

324 2432 549 2495 proditum
570 2448 661 2479 non
679 2430 829 2481 viciffe
846 2445 989 2494 regem
1007 2464 1021 2490 ‚
1040 2429 1126 2483 sed,
1147 2445 1201 2476 ne
1225 2427 1504 2483 vinceretur,
1524 2425 1595 2473 fu-
