1714 2807
345 153 443 203 '220
576 148 1432 208 FLAVIIVOPLSCI

347 255 512 308 oblata,
536 250 859 315 &septuaginta
881 256 994 299 urbes
1022 255 1273 318 nobiliffirnae
1298 260 1532 317 captivitate
1552 262 1630 308 lzo-‘

331 325 463 389 flium
481 327 727 382 vindicatae,
751 323 792 372 G*
817 344 955 372 omnes
964 330 1133 388 penitus
1161 329 1312 374 Gallice
1338 333 1528 377 tiberatae.
1550 335 1627 378 Co-

344 418 500 455 ronas,
524 419 629 462 quas
660 403 764 447 milzi
795 404 1026 448 obtulerunt
1061 421 1200 449 ornnes
1225 406 1378 451 Gallice
1413 410 1631 467 civitates,

343 490 513 532 aureas,
542 475 698 536 vestrae,
728 477 870 522 Patres
908 476 1152 536 conscripti,
1181 480 1397 523 clementia:
1427 481 1632 529 dedicavi.

342 543 388 592 δ’
418 549 495 593 has
525 549 624 596 Jovi
655 551 826 610 Optimo
855 551 1082 607 Maximo,
1110 552 1315 611 ceterisque
1355 553 1466 597 Diis
1503 555 1630 599 Dea-

339 623 488 682 husque
509 624 813 670 immortalibus
827 659 839 678 ,
861 626 997 691 vestris
1017 628 1212 672 manibus
1244 628 1482 686 conficrate.
1511 631 1627 675 Prae·

339 697 396 739 da
421 697 559 741 omnis
576 713 728 756 recepta
750 697 823 761 est,
846 712 967 757 capta
995 698 1122 742 etiam
1143 701 1232 743 alia
1247 733 1259 754 ‚
1282 697 1325 744 G*
1345 703 1508 759 quidem
1529 719 1626 746 ma·-

328 767 427 825 jor,
454 788 577 830 quarn
588 770 734 829 ficerat
759 787 853 815 ante
882 772 1048 831 direpta.
1072 775 1270 817 Arantur
1303 773 1532 820 Gallicana
1560 794 1630 822 ru-

336 858 385 884 ra
417 843 603 888 barbaris
638 846 791 900 hobus,
823 841 866 889 δ’
885 843 998 906 juga
1033 845 1283 890 Germanica
1317 848 1485 906 captiva
1516 865 1630 907 prae-

334 914 427 958 benc
450 917 597 981 nostris
619 921 727 963 colla
754 919 981 963 cultoribus
992 933 1009 960 .·
1023 919 1256 977 pascuntur
1272 921 1333 963 ad
1347 919 1523 983 nostram
1547 922 1628 965 ali-

333 992 521 1035 moniam
554 993 740 1052 gentium
773 1009 922 1052 pecora
960 992 1242 1052 diversarum:
1276 995 1464 1053 equinum
1500 1010 1625 1053 pecus

331 1062 462 1127 nostro
469 1062 568 1119 jam
577 1064 851 1123 foecundatur
865 1065 1064 1124 equitatui
1076 1065 1309 1123 :frumento
1320 1068 1529 1113 barbarico
1535 1071 1627 1128 plc-

331 1153 390 1181 na
405 1137 516 1197 sunt
537 1139 691 1186 horrea.
715 1138 838 1199 Quid
848 1142 971 1199 plura
991 1141 1016 1183 ἓ
1043 1141 1128 1184 illis
1142 1140 1241 1199 sola
1264 1142 1532 1201 relinquimus
1545 1142 1623 1200 sb·-

330 1212 375 1254 la
391 1244 405 1265 ,
427 1227 505 1255 nos
529 1229 666 1257 eorum
693 1213 838 1257 omnia
857 1210 1120 1273 poffidcmus.
1153 1214 1195 1254 V
1196 1214 1453 1269 olueramus‚
1475 1215 1622 1258 Patres

328 1282 574 1343 conscripti,
600 1283 835 1328 Germanice
856 1300 1009 1327 novum
1037 1282 1250 1345 Praesidcrn
1264 1283 1432 1341 facere:
1444 1285 1527 1345 sed
1543 1287 1621 1331 lzoc

326 1357 388 1399 ad
417 1357 610 1415 pleniora
645 1371 744 1401 vota
778 1355 1024 1420 distulimus.
1061 1359 1174 1416 quod
1211 1359 1371 1416 quidem
1418 1360 1619 1405 credimus

326 1429 505 1486 confkrre
520 1465 533 1486 ,
552 1449 642 1476 cum
661 1431 808 1476 divina
818 1429 1081 1490 providentia
1098 1429 1256 1494 nostros
1281 1430 1439 1475 uberius
1448 1429 1615 1489 saecun«

327 1505 440 1550 darit
472 1505 684 1550 exercitus.

390 1578 517 1625 XVI.
549 1577 652 1624 Post
690 1576 784 1623 haec
821 1573 1055 1638 Illyricum
1090 1573 1245 1636 petiit:
1277 1576 1326 1623 &
1357 1573 1614 1639 priusquam

324 1651 526 1709 veniret,
546 1650 741 1698 Rhaetias
770 1650 828 1698 fic
850 1662 1023 1711 pacatas
1049 1649 1250 1712 reliquit,
1275 1662 1325 1696 ut
1346 1648 1439 1697 illic
1467 1665 1523 1696 ne
1545 1650 1615 1697 su-

323 1725 572 1786 spicionem
612 1724 796 1788 quidem
829 1723 961 1770 ullius
1007 1722 1191 1769 terroris
1230 1722 1516 1785 relinqueret.
1562 1722 1614 1769 In

322 1798 512 1862 Illyrico
544 1798 769 1845 Sarmatas¹
800 1794 1056 1856 ceterasque
1095 1807 1247 1857 gentes
1285 1792 1346 1840 ita
1374 1793 1613 1850 contudit,

320 1885 371 1918 ut
402 1888 543 1934 prope
574 1871 663 1917 fine
693 1870 814 1917 bello
850 1869 1007 1918 cun&
1035 1868 1284 1930 reciperet,
1315 1883 1414 1929 quae
1446 1865 1511 1913 illi
1539 1866 1612 1914 di-

321 1945 566 2008 ripuerant.
593 1943 808 1992 Tetendit
835 1944 992 1991 deinde
1014 1944 1097 1989 iter
1117 1959 1195 2004 per
1215 1941 1453 1998 Thracias,
1475 1954 1610 2005 atque

323 2035 482 2067 omnes
513 2019 704 2066 Geticos
740 2019 968 2080 populos,
999 2016 1111 2064 fama
1142 2032 1291 2063 rerum
1327 2015 1537 2072 territos,
1559 2017 1610 2064 &

320 2090 493 2154 antiqui
524 2090 721 2138 nominis
761 2089 962 2152 potentia
999 2088 1190 2151 press‘os,
1226 2099 1304 2134 aut
1339 2087 1385 2134 in
1415 2086 1607 2134 deditio·

319 2179 422 2209 nem
442 2196 454 2218 ,
469 2173 545 2209 aut
559 2160 606 2208 in
627 2161 867 2209 amicitiam
887 2160 1070 2223 recepit.
1096 2159 1177 2206 His
1195 2158 1322 2222 gestis
1337 2195 1353 2217 ,
1368 2159 1607 2205 Orientem

316 2236 474 2299 petiit,
510 2248 643 2296 atque
682 2234 727 2280 in
767 2233 925 2281 itinere
963 2231 1270 2296 potentissimo
1307 2233 1502 2294 quodam
1538 2232 1604 2278 la-

315 2326 449 2358 trone
481 2307 680 2355 Palfurio
718 2320 851 2370 capto
887 2308 935 2355 8(
977 2306 1240 2364 ἱητεῐῑεξῒο,
1270 2321 1451 2352 omnem
1486 2305 1602 2352 Isau-

316 2381 426 2428 riam
457 2379 696 2438 liberavst,
725 2379 903 2441 populis
930 2394 1063 2443 atque
1092 2378 1276 2426 urbibus
1302 2378 1518 2424 Romanis
1537 2378 1602 2423 le-

314 2453 443 2519 gibus
464 2452 690 2502 restitutis.
711 2451 1004 2500 Barbarorum
1017 2488 1031 2514 ,
1051 2451 1126 2517 qui
1151 2450 1267 2515 apud
1287 2450 1457 2499 Isauros
1475 2450 1599 2511 sunt,

1624 2584 1639 2607 Ι
