1714 2807
304 127 480 161 xxvm
764 119 795 161 I
821 119 872 162 N
900 119 953 163 D
984 120 1028 163 E
1061 120 1117 164 Χ

463 217 581 258 „Hac
599 217 721 268 finita,
740 219 903 271 subje&a
927 219 1007 260 sunt
1029 220 1165 260 verba:
1189 221 1231 260 ln
1257 221 1377 262 Codice
1395 221 1570 262 continen-

463 286 557 311 »tur
587 273 696 326 Cajtts
719 274 905 312 Suetonius
938 275 1162 327 Tranquillus
1191 277 1233 313 de
1255 276 1340 315 XII
1368 275 1570 327 Caesaribus.

461 343 486 363 2»
499 327 629 365 AElius
651 329 866 380 Spartianus
882 359 894 375 ,
914 328 1033 368 Julius
1059 329 1301 380 Capitolinus,
1320 331 1448 368 AElius
1465 331 1570 369 Lam·

464 382 634 431 „pridias
646 411 655 427 ,
678 382 871 420 Trevellius
891 381 1011 420 Pollio
1025 412 1036 429 ‚
1058 382 1207 422 flavius
1234 383 1422 434 Vopiftus,
1438 385 1568 422 Eutro-

462 450 487 470 υ
495 434 576 486 pius
591 435 625 473 6³
641 435 778 473 Paulus
794 436 980 473 Diaconus
994 437 1034 474 de
1054 449 1167 487 regum
1181 451 1223 475 ac
1237 437 1479 488 Imperatorum
1495 439 1569 480 Ro-

462 504 486 523 υ
498 502 671 527 manorum
699 489 787 526 vita.
809 488 851 526 ln
878 487 971 535 fine,
995 487 1186 541 postquam
1211 489 1358 543 singulae
1385 492 1468 529 vitae
1491 490 1569 529 Im-

460 558 485 577 „
498 552 706 593 peratorum
728 557 749 581 a
766 541 909 581 Caesare
928 541 1039 595 usque
1061 544 1106 582 ad
1123 543 1389 583 Numerianum
1402 575 1413 590 ,
1436 557 1516 596 qua:
1533 545 1569 582 in

463 611 487 631 υ
503 595 574 634 hoc
595 595 735 635 Codice
767 597 1015 644 continentur,
1040 609 1254 636 enumeratae
1280 597 1380 644 sunt,
1404 599 1568 651 leguntur

466 664 489 684 υ
502 648 581 687 haec
596 661 605 687 ε
625 650 748 688 Habes
766 651 911 688 candide
928 651 1047 688 Leffor
1072 652 1239 702 Caesarum
1252 653 1346 689 vitas
1363 666 1477 703 parvo
1493 667 1570 700 aere,

462 719 486 738 υ
500 718 587 752 quas
613 703 694 740 olim
718 705 851 742 anxius
880 705 1074 755 quaerebas,
1099 705 1251 742 maxima
1285 706 1518 743 lucubratione
1543 720 1567 742 a

462 772 486 793 n
498 757 585 794 viris
604 756 881 807 praestantfflmis
891 759 1101 796 emendatas.
1122 759 1211 809 Quae
1228 760 1341 796 omnia
1359 759 1569 809 accurariffi'-

462 826 486 851 υ
500 825 548 847 me
565 811 601 846 V
598 805 720 850 eneiiis
747 811 902 864 impreffiz
917 812 1002 861 sunt
1013 827 1075 864 per
1093 812 1345 850 Bernardinum
1368 814 1571 851 Novarien-

462 864 563 913 »sem
593 879 687 902 anno
710 880 732 901 a
758 865 875 904 natali
894 866 1083 917 Christiano
1110 866 1568 906 st1CCCCLXXXVIIII.

465 934 488 953 n
502 919 591 956 Kal.
622 920 794 957 OHobr.»

308 983 406 1023 1490
465 973 595 1009 Veneta
615 972 687 1020 111,
710 972 775 1011 fol.
799 971 967 1012 Historiae
988 971 1159 1027 Augustae
1174 972 1374 1026 Scriptores
1393 973 1450 1013 sex
1463 1003 1474 1021 ‚
1491 973 1568 1013 sive

462 1025 547 1064 vitae
570 1025 833 1077 Imperatorum
854 1026 1107 1066 Romanorum
1133 1042 1154 1065 a
1175 1028 1270 1073 Julio
1290 1027 1433 1068 Caesare
1459 1027 1569 1079 usque

459 1079 508 1116 ad
532 1079 798 1119 Numerianum
819 1095 840 1119 a
861 1081 1012 1120 diversis
1035 1081 1238 1120 aucloribus
1265 1081 1443 1134 eleganter
1464 1095 1571 1120 com-

463 1132 602 1184 pofitae.
624 1133 665 1171 In
686 1133 776 1182 fine,
799 1135 851 1173 uti
874 1137 908 1172 in
933 1136 1108 1186 prioribus
1132 1136 1306 1179 Venetis,
1345 1147 1433 1188 quas
1453 1135 1570 1188 sequi0‘

458 1197 535 1226 tur:
569 1188 713 1235 Habes,
738 1189 883 1227 candide
902 1189 1022 1236 leelor,
1049 1189 1217 1239 Caesarum
1240 1190 1334 1226 vitas
1352 1203 1464 1240 parvo
1481 1204 1568 1235 ατε,

462 1255 551 1291 quas
573 1241 654 1278 olim
675 1243 809 1279 anxius
829 1243 998 1294 quaerebas
1012 1273 1023 1289 ‚
1039 1243 1194 1280 maxima
1216 1243 1449 1281 lucubratione
1469 1258 1490 1280 a
1513 1246 1568 1281 vi-

460 1296 509 1332 ris
527 1295 804 1347 praestannſjimis
823 1298 1030 1334 emendatas.
1059 1298 1146 1346 Quae
1169 1297 1285 1334 omnia
1310 1296 1566 1346 emendatffrrze

469 1349 624 1387 Veneriis
643 1349 794 1400 impreffiz
808 1351 892 1401 sunt
907 1364 967 1399 per
977 1351 1142 1389 loannem
1165 1351 1319 1388 Rubrum
1340 1351 1380 1386 de
1402 1352 1569 1388 Vercellis

462 1416 555 1440 anno
579 1417 602 1440 a
624 1404 809 1441 nativitate
832 1404 1021 1454 Christiana
1048 1404 1393 1444 clocccczxxxx
1421 1404 1476 1441 die
1501 1416 1567 1442 XV

462 1456 564 1493 Julii.
587 1455 675 1495 Vid.
697 1456 878 1496 Maittaire
899 1457 997 1495 Ann.
1020 1471 1098 1509 typ.
1131 1457 1179 1495 T.
1209 1456 1246 1503 I,
1276 1472 1314 1509 p.
1343 1471 1402 1510 50.
1426 1456 1507 1496 Fuit
1530 1460 1564 1495 in

463 1509 558 1547 Bibl.
580 1508 803 1549 Uffenbach.
824 1509 973 1549 testante
985 1510 1065 1560 ejus
1086 1509 1266 1563 Catalogo
1287 1510 1399 1550 Tom.
1415 1510 1448 1549 II
1465 1513 1567 1563 App.

462 1562 479 1602 I
499 1564 589 1601 inter
610 1563 831 1603 Incunabula
851 1566 936 1602 artis
955 1577 1101 1617 typogr.
1125 1579 1160 1602 n.
1181 1564 1359 1610 CXXII,
1380 1577 1414 1614 p.
1438 1566 1488 1612 46
1516 1566 1565 1617 sq.

460 1617 503 1656 &
525 1618 618 1656 inter
641 1617 753 1656 libros
781 1620 816 1656 in
843 1617 1064 1656 Bibliotheca
1090 1619 1187 1670 regia
1211 1618 1436 1656 Academica
1458 1617 1568 1657 Goet-

455 1670 607 1722 tingensi
631 1672 666 1708 in
687 1672 797 1724 duplo
818 1671 1014 1719 exstantes,
1037 1673 1075 1710 δι
1101 1672 1201 1722 1784
1217 1671 1449 1719 divenditos,
1466 1686 1566 1713 num.

465 1737 553 1776 105„
572 1724 811 1764 casaubonus
834 1740 876 1764 ea
892 1725 971 1763 usus
990 1724 1059 1773 est;
1082 1726 1119 1764 ὅ(
1143 1724 1330 1775 adjunROS
1354 1725 1461 1764 habet
1476 1723 1566 1765 Sue-

457 1781 621 1826 tonium,
643 1778 858 1831 Eutropium
879 1779 919 1818 δι
943 1778 1091 1817 Paulum
1118 1778 1359 1826 Diaconum,
1384 1780 1435 1816 uti
1461 1781 1562 1832 prio·

455 1845 511 1870 res
530 1832 698 1871 Venetae.

301 1899 402 1940 1499
460 1886 591 1924 Veneta
608 1885 662 1924 IV
678 1915 688 1932 ,
712 1885 774 1924 fol.
799 1885 896 1937 apud
922 1886 1075 1925 eundem
1100 1886 1159 1933 jo.
1185 1886 1348 1924 Rubeum.
1377 1885 1562 1926 Memora-

456 1951 511 1978 tur
531 1940 566 1977 in
587 1939 810 1978 Bibliotheca
832 1939 1043 1995 Fabricianp
1065 1955 1084 1978 e
1097 1939 1279 1991 Catalogo
1299 1939 1393 1978 Bibl.
1406 1939 1555 1978 Menar-

456 1993 573 2031 fianae.
608 1993 644 2032 Si
675 2007 748 2031 non
777 1992 827 2032 est
853 2007 951 2033 error
973 1994 1009 2031 in
1036 2006 1209 2041 numero,
1230 1991 1281 2030 est
1307 2003 1429 2031 tamen
1460 2008 1560 2034 mera

452 2047 617 2100 repetitio
643 2047 842 2100 superioris.

295 2151 591 2193 AETASII
655 2154 987 2194 EGNATIO
1029 2177 1074 2184 —
1120 2154 1559 2194 ERASMIANA

546 2215 573 2255 s.
595 2215 1305 2329 ἈΖΒΙΛΙῙξΙό-ῙΙΞῙΞΞΕΝΙΑΝΑ,

290 2358 461 2400 Aldinam
481 2361 731 2401 collectionem
749 2360 895 2413 Scriptt.
919 2359 1000 2401 hist.
1025 2360 1122 2413 Aug.
1148 2362 1313 2399 omnium
1335 2375 1355 2398 a
1371 2360 1394 2408 J
1397 2376 1432 2399 o.
1452 2361 1556 2412 Bapt.

451 2416 608 2470 Egnatio
627 2417 666 2457 ὃ(
695 2414 945 2470 castigatorum
967 2415 1009 2455 &
1031 2414 1282 2455 illustratorum
1305 2415 1446 2455 duobus
1471 2416 1556 2454 voll.
