1637 2785
1268 181 1329 227 77

162 429 445 500 JULII
506 427 1210 496 CAPITOLINI

50 621 489 699 VERUS
557 621 1326 697 IMPERATOR

647 805 741 845 AD

337 856 403 934 i?

257 922 904 1006 'BIOCLETMNUM
954 958 1128 1006 AUQ

451 1129 916 1144 ——n—--u——a-

48 1307 80 1352 Ι.
115 1264 261 1352 Selo
281 1338 294 1358 ‚
311 1301 551 1365 plerosque
579 1300 640 1347 ita
662 1299 799 1348 vitam
821 1299 966 1348 Marci
991 1316 1043 1348 ac
1065 1300 1172 1348 Veri
1191 1300 1329 1350 literis

49 1389 182 1439 atque
215 1373 410 1420 historiae
443 1372 687 1430 dedicaffe‚
716 1383 765 1418 ut
794 1370 990 1439 priorem
1022 1374 1190 1419 Verum
1220 1372 1330 1420 inti-

50 1448 260 1494 mandum
293 1446 542 1510 legentibus
573 1445 729 1492 darent
752 1479 766 1502 ‚
796 1460 891 1506 non
929 1444 1178 1507 imperandi
1208 1444 1329 1492 secu·

46 1536 119 1569 tos
146 1522 382 1573 ordinem,
415 1520 487 1567 sed
520 1519 735 1566 vivendi:
758 1534 844 1581 ego
875 1533 1020 1576 ver0‚
1047 1518 1173 1581 quod
1203 1517 1330 1580 prior

48 1599 226 1643 Marcus
254 1595 472 1658 imperare
500 1590 670 1654 coepit,
694 1591 853 1638 deinde
883 1593 1054 1648 Verus,
1075 1591 1151 1653 qui
1176 1590 1330 1655 super-

49 1669 147 1716 stite
174 1667 307 1731 periit
336 1670 522 1724 Marco,
549 1666 747 1729 priorem
778 1666 1007 1722 Marcum,
1036 1663 1199 1712 dehinc
1236 1666 1330 1711 Ve-

50 1759 150 1789 rum
188 1740 356 1788 credidi
395 1739 724 1787 celebrandum.
760 1737 896 1799 Igitur
935 1740 1088 1784 Lucius
1130 1737 1329 1794 cejonius

50 1816 198 1860 AElius
220 1816 469 1861 Commodus
496 1815 625 1857 Verus
646 1813 925 1866 Antoninus,
953 1808 1033 1872 qui
1060 1826 1115 1856 ex
1142 1809 1328 1858 Hadria·

48 1887 95 1932 ni
117 1887 351 1933 voluntate
365 1888 511 1932 AElius
528 1883 773 1945 appellatus
791 1883 851 1929 est
865 1917 879 1940 ‚
898 1898 953 1929 ex
972 1881 1195 1929 Antonini
1215 1898 1328 1931 con-

47 1958 280 2021 jhnffione
314 1963 444 2005 Verus
474 1958 523 2004 δι
547 1959 827 2014 Antoninus,
847 1972 990 2018 neque
1018 1956 1134 2003 inter
1154 1956 1327 2015 bonos,

52 2048 196 2095 neque
228 2031 345 2077 inter
364 2030 507 2076 malos
524 2029 754 2092 Principes
780 2029 986 2091 ponitur:
1006 2045 1136 2092 quem
1155 2031 1329 2077 constat

47 2120 142 2151 non
179 2103 442 2151 inhorruiffe
471 2103 592 2150 vitiis
613 2139 626 2161 ,
654 2119 749 2149 non
787 2103 1020 2150 abundasse
1045 2103 1286 2150 virtutibus
1310 2120 1326 2160 ;

49 2179 206 2227 vixiffe
239 2179 399 2226 deinde
439 2196 532 2225 non
573 2179 619 2225 in
657 2178 802 2225 libero
832 2177 1115 2240 principatu,
1141 2176 1213 2222 sed
1247 2177 1328 2224 sub

48 2254 207 2300 Marco
232 2251 279 2298 in
307 2251 435 2298 fimili
457 2270 508 2298 ac
531 2251 635 2313 pari.
655 2250 890 2312 majestatis
915 2250 1132 2312 imperio,
1151 2267 1174 2295 a
1203 2250 1328 2310 cujus

49 2323 184 2380 festa,
200 2323 383 2371 lascivia
406 2340 603 2380 morum,
619 2324 668 2370 &
684 2323 790 2369 vitae
813 2323 1059 2370 licentioris
1082 2322 1326 2379 nimietate,

49 2394 256 2442 dissensit.
299 2408 391 2443 erat
434 2396 551 2441 enim
593 2411 770 2442 morum
819 2393 1083 2455 simplicium
1106 2429 1120 2451 ‚
1164 2394 1213 2440 &
1248 2392 1327 2455 qui

51 2466 311 2527 adumbrare
338 2467 448 2516 nihil
487 2467 641 2531 poffet.
680 2466 798 2515 Huic
839 2465 1049 2514 naturalis
1082 2476 1206 2529 pater
1241 2463 1327 2512 fuit
