1637 2785
345 111 695 160 Avmtus
750 110 1099 158 CAsslUS.
1300 125 1364 174 97

71 224 270 270 medicam
300 224 345 266 in
370 221 643 264 Formianum
667 235 712 264 ut
737 221 927 264 dimittas
946 253 958 273 ‚
982 236 1079 280 rogo
1097 237 1113 265 .·
1137 236 1208 281 ego
1228 234 1364 264 autem

73 296 260 358 Pifitlzeo
286 295 400 338 nihil
421 295 536 338 credo
561 326 573 347 ‚
603 294 673 352 qui
683 295 830 351 puellae
849 293 1004 352 virgini
1023 296 1272 338 curationem
1295 311 1370 339 ne-

67 371 154 429 scit
178 370 378 414 adhibere.
405 369 613 427 Signata's
641 367 746 411 milti
766 368 906 410 literas
939 366 1189 424 Calpurnius
1217 370 1331 414 dedit
1347 384 1366 413 .·

72 444 137 486 ad
163 458 267 501 quas
295 440 536 500 rescribam,
575 457 590 483 l
618 441 834 483 tardavero
851 472 865 493 ‚
889 456 963 497 per
989 438 1195 484 Caecilium
1221 440 1368 500 sienem

71 513 298 573 spadonem
314 546 328 568 ‚
348 514 554 556 hominem
569 542 583 565 ,
611 526 657 555 ut
671 511 762 571 scis
778 544 791 565 ‚
800 510 966 568 fidelem
985 526 1002 554 :
1022 512 1091 555 cui
1105 513 1222 556 verbo
1238 532 1368 559 man-

77 588 186 632 dabo
207 620 220 641 ‚
240 587 344 646 quid
369 603 481 630 uxor
511 585 667 630 Avidii
698 583 824 646 Caffii
846 617 860 641 ,
879 581 1017 643 &filii
1036 618 1050 641 ‚
1078 581 1120 630 δ’
1145 602 1291 645 gener,
1322 590 1371 634 de

76 675 115 704 te
137 658 294 713 jaHate
320 660 530 704 dicantur.

145 731 226 777 Xl.
263 732 329 775 Ex
364 730 432 776 his
459 727 598 775 literis
630 726 925 791 intessigitur,
946 727 1096 775 Caffio
1119 729 1371 779 Faustinam

76 802 307 850 consciam
344 818 437 847 non
473 800 599 847 fuiffe
621 837 636 857 ,
670 800 783 862 quin
812 801 943 847 etiam
977 800 1241 864 supplicium
1276 803 1373 865 ejus

74 876 277 940 graviter
306 874 526 938 exegiffe:
555 873 770 936 siquidem
794 873 1112 932 Antoninum,
1134 875 1374 939 quiescen-

77 963 170 995 tem
210 949 259 995 ὅ(
298 947 595 994 clementiora
625 944 899 1007 cogitantem
920 980 935 1003 ‚
965 946 1020 992 ad
1049 946 1261 994 vindfflae
1289 966 1374 996 ne-

76 1022 319 1069 ceffitatem
353 1021 544 1083 impulit.
575 1019 661 1067 Cui
702 1020 964 1067 Antoninus
999 1020 1104 1083 quid
1136 1022 1374 1086 rescripse-

77 1095 168 1152 rit,
201 1095 371 1141 subdita
404 1093 590 1154 epistola
623 1092 913 1155 perdocebit:
953 1096 1019 1139 Tu
1052 1097 1213 1155 quidem
1235 1130 1249 1155 ,
1279 1116 1370 1144 mea

80 1169 309 1234 Faustina,
343 1166 525 1228 religiose
553 1184 635 1226 pro
674 1168 823 1211 marito
867 1163 909 1212 δ’
934 1185 1012 1226 pro
1051 1168 1196 1233 nostris
1233 1171 1374 1216 liberis

81 1242 187 1299 agis.
209 1254 311 1281 nam
339 1241 457 1299 relegi
484 1239 692 1303 epistolam
713 1253 829 1282 tuam
858 1239 904 1281 in
925 1240 1181 1297 Formiano,
1210 1259 1291 1301 qua
1312 1259 1375 1286 me

80 1312 288 1366 hortaris,
317 1326 364 1356 ut
388 1313 435 1355 in
461 1313 621 1355 Avidii
645 1310 831 1370 eonfiios
851 1312 1070 1357 vindicem.
1094 1315 1190 1373 Ego
1218 1333 1311 1360 vero
1328 1313 1373 1362 δ’

79 1383 173 1440 ejus
202 1384 342 1429 liberis
371 1401 572 1444 parcam,
607 1381 650 1428 δ’
683 1401 825 1444 genero
842 1417 856 1439 ,
880 1383 922 1430 δ’
951 1387 1080 1430 uxori
1095 1404 1115 1440 ;
1144 1384 1187 1432 G*
1215 1391 1275 1432 ad
1295 1392 1373 1434 Sed

81 1471 229 1502 natum
261 1457 477 1516 scribam,
509 1474 558 1500 ne
594 1472 667 1501 aut
695 1458 942 1517 proscriptio
981 1459 1153 1517 gravior
1168 1458 1264 1521 fit,
1301 1477 1376 1507 aut

77 1546 207 1591 paena
235 1531 442 1574 crudelior.
475 1547 562 1573 non
604 1532 711 1573 enim
758 1530 982 1589 quidquidve
1022 1529 1108 1595 est,
1148 1535 1261 1591 quod
1286 1538 1373 1579 lm-

84 1614 302 1645 veratorem
325 1601 567 1645 Romanum
591 1603 735 1645 melius
755 1604 1005 1647 commendet
1018 1604 1233 1663 gentibus,
1247 1623 1373 1665 quam

87 1674 314 1717 clementia.
337 1670 443 1716 Haec
479 1671 674 1730 Caesarem
703 1672 848 1716 Deum
867 1671 1001 1729 ficit,
1030 1675 1111 1719 haec
1142 1679 1373 1742 Augustum

87 1747 337 1806 consecravit
357 1779 371 1802 ‚
404 1748 485 1791 haec
507 1760 665 1805 patrem
698 1761 814 1790 tuum
838 1747 1075 1805 specialiter
1099 1749 1176 1794 Pii
1209 1755 1377 1798 nomine

86 1821 269 1866 ornavit.
299 1820 471 1880 denique
485 1819 534 1883 fi
558 1836 611 1863 ex
639 1836 727 1863 mea
752 1818 960 1878 sememia
997 1821 1044 1865 de
1077 1821 1179 1865 hello
1196 1821 1377 1877 judica-

89 1910 179 1940 tum
210 1892 332 1956 effa,
368 1911 441 1938 nec
473 1894 662 1937 Avidius
685 1888 774 1952 effet
805 1892 976 1952 occilits.
1010 1893 1112 1957 Esto
1148 1897 1276 1956 igitur
1300 1887 1377 1958 se-

90 1987 222 2017 cura:
253 1971 342 2014 Dii
373 1987 435 2014 me
475 1983 676 2022 tuentur;
716 1967 822 2012 Diis
851 1969 992 2026 pietas
1029 1986 1119 2013 mea
1156 1973 1271 2017 cordi
1310 1974 1378 2038 ss,

94 2042 399 2104 Pompejanum
441 2043 620 2106 nostrum
661 2042 708 2085 in
752 2059 912 2085 annum
938 2041 1172 2101 sequentem
1216 2047 1379 2107 Consu-

90 2120 169 2162 lem
206 2117 316 2161 dixi.
357 2115 452 2160 haec
485 2112 744 2160 Antoninus
777 2114 833 2159 ad
867 2113 1123 2177 conjugem.

143 2189 245 2234 XII.
262 2187 330 2232 Ad
342 2187 551 2232 Senatum
570 2198 716 2232 autem
732 2186 909 2248 quaiem
927 2187 1182 2233 orationem
1198 2188 1380 2250 miserit,

93 2257 275 2307 interest
295 2257 417 2304 scire.
439 2259 508 2302 Ex
536 2257 745 2303 oratione
775 2256 914 2303 Marci
936 2257 1180 2303 Antonini:
1200 2261 1379 2307 Habetis

95 2336 250 2396 igitur,
275 2335 422 2378 Patres
439 2333 680 2393 confiripti‚
704 2349 781 2392 pro
798 2334 1076 2392 gratulatione
1100 2333 1278 2379 vifloriae
1305 2350 1377 2396 ge-

97 2424 236 2453 nerum
260 2424 388 2449 meum
410 2405 623 2463 Confitlem
644 2422 660 2451 .·
680 2405 981 2466 Pompejanum
1006 2407 1098 2450 dico
1114 2438 1127 2462 ,
1147 2405 1263 2462 cujus
1281 2424 1379 2456 aetas

166 2479 334 2540 Scriptt.
363 2479 426 2526 H.
456 2481 518 2525 A.
1050 2477 1095 2523 G
