1714 2807
329 188 388 233 92
521 169 947 214 TREBELLII
998 168 1426 214 POLLIONIS

330 274 505 321 Nisibin
529 277 576 322 &
599 276 754 321 Carras
772 274 818 320 in
847 273 1103 335 potestatem
1130 276 1374 321 Romanam
1391 310 1403 331 ,
1421 290 1602 321 omnem

328 345 702 408 Mesopotamiam
733 345 950 401 nostram,
970 346 1161 408 denique
1187 345 1518 407 Ctesiphontem
1540 345 1604 391 es-

328 419 370 465 se
400 431 691 480 perventum,
721 417 874 481 fugiffe
899 409 1073 481 regem,
1093 432 1248 479 captos
1274 418 1483 480 satrapas,
1507 418 1603 479 plu-

327 491 468 537 rimos
505 489 728 536 Persarum
770 489 978 546 occisos;
1015 491 1300 548 Odenatum,
1336 490 1603 553 participato

327 562 536 623 imperio,
550 561 794 624 Augustum
815 562 1003 609 vocavit
1017 597 1030 617 ‚
1049 561 1229 624 ejusque
1244 576 1467 609 monetam
1485 598 1498 618 ,
1518 578 1604 624 qua

326 634 470 680 Persas
505 647 661 695 captos
695 634 913 691 traheret,
947 633 1045 680 cudi
1072 632 1212 692 juffit:
1237 633 1358 695 quod
1395 637 1440 680 ὅ(
1467 634 1604 678 Sena-

325 717 422 761 tus,
448 707 496 752 &
524 706 669 761 Urbs,
688 706 735 751 &
756 704 902 750 omnis
930 717 1032 751 aetas
1049 716 1268 767 gratanter
1294 707 1477 766 accepit.
1506 705 1604 752 Fuit

326 791 536 841 praeterea
584 777 700 822 idem
737 776 1126 838 ingeniosiffimus:
1161 777 1284 837 cujus
1329 777 1605 825 ostendentia

326 863 512 894 acumen
544 863 680 909 pauca
716 846 822 894 libet
848 863 1028 909 ponere.
1058 848 1170 894 Nam
1201 865 1298 894 cum
1333 861 1507 894 taurum
1534 849 1605 894 in-

325 934 500 984 gentem
534 921 579 967 in
618 937 794 968 arenam
831 921 1024 980 mififfer,
1060 922 1300 985 exissetque
1328 924 1379 968 ad
1411 941 1510 969 eum
1543 922 1606 968 fe-

326 997 526 1042 riendum
559 1007 774 1053 venator,
802 1012 947 1057 neque
978 998 1233 1057 perd-uelum
1261 997 1402 1045 decies
1435 996 1606 1059 potuis-

326 1071 390 1118 set
424 1071 657 1123 occidere,
689 1086 906 1116 coronam
948 1071 1152 1117 venatori
1195 1072 1336 1125 misit;
1381 1070 1607 1117 nmffanti-

325 1144 491 1205 busque
521 1143 718 1197 canens,
741 1142 848 1204 quid
870 1143 932 1188 rei
956 1143 1087 1201 esset,
1110 1145 1234 1205 quod
1261 1145 1402 1191 homo
1426 1142 1606 1204 ineptis-

325 1217 459 1262 fimus
492 1228 810 1267 coronaretur,
844 1215 917 1260 ille
952 1233 1030 1270 ,ner
1067 1217 1301 1262 curionem
1341 1216 1426 1262 dici
1463 1215 1605 1276 juffit,

330 1293 509 1336 Taurum
537 1290 653 1333 toties
677 1307 761 1333 non
771 1288 897 1346 ferire
923 1288 1088 1349 dlffisslle
1111 1289 1173 1353 est.
1207 1290 1322 1334 Idem
1338 1325 1349 1346 ‚
1376 1305 1477 1335 cum
1506 1287 1604 1351 qui-

325 1360 424 1405 dam
448 1376 639 1421 gemmas
663 1361 826 1404 vitreas
849 1375 931 1421 pro
958 1361 1076 1406 veris
1096 1360 1356 1405 vendidisset
1371 1360 1464 1418 ejus
1487 1376 1604 1405 uxo-

326 1431 387 1488 ri,
412 1444 544 1492 atque
570 1431 668 1486 illa,
693 1448 738 1476 re
771 1431 968 1493 prodita,
995 1433 1210 1478 vindicari
1234 1434 1395 1487 vellet,
1419 1433 1602 1493 surripi,

325 1501 446 1563 quasi
475 1501 529 1547 ad
558 1502 762 1554 leonem,
795 1500 1079 1546 venditorem
1116 1501 1261 1559 jussit,
1291 1502 1447 1547 deinde
1478 1518 1501 1547 e
1532 1518 1604 1547 ca-

326 1590 411 1620 vea
428 1589 644 1634 caponem
665 1572 830 1620 emitti:
849 1572 1195 1634 mirantibusque
1217 1574 1382 1620 cunctis
1404 1589 1492 1618 rem
1514 1587 1604 1618 tarn

324 1646 556 1692 ridiculam
574 1682 586 1701 ‚
614 1663 689 1707 per
715 1646 945 1692 curionem
972 1645 1058 1692 dici
1082 1645 1199 1705 juffit
1216 1681 1228 1701 ‚
1254 1646 1518 1711 Imprsturam
1532 1645 1603 1703 fie-

326 1723 409 1779 cit,
440 1719 481 1766 ἐκ
502 1719 651 1784 paffics
679 1721 738 1784 est.
768 1719 925 1765 deinde
957 1718 1280 1779 negotiatorem
1311 1718 1484 1764 dimisit.
1510 1721 1604 1763 Oc-

326 1806 493 1854 cupato
521 1805 665 1837 tamen
696 1790 906 1837 Odenato
941 1790 1060 1835 bello
1088 1788 1283 1846 Persico,
1314 1791 1360 1836 &
1389 1788 1604 1836 Gallieno

325 1863 456 1909 rebus
491 1862 792 1924 ineptiffimis,
827 1875 875 1908 ut
910 1862 1108 1919 solebat,
1142 1862 1454 1918 incumbente,
1488 1862 1601 1924 Scy-

325 1936 439 1992 thae,
461 1935 650 1980 navibus
675 1934 816 1991 factis,
836 1935 1096 1982 Heracleam
1120 1947 1448 1996 pervenerunt,
1467 1946 1604 1996 atque

326 2004 430 2050 inde
459 2021 560 2051 cum
591 2006 736 2066 praeda
766 2005 810 2050 in
845 2006 987 2052 solum
1026 2005 1258 2067 proprium
1292 2016 1602 2062 reverterunt,

326 2077 534 2141 quamvis
575 2078 702 2124 multi
743 2078 972 2141 naufragi0
1014 2078 1260 2141 perierint,
1296 2077 1444 2124 navali
1479 2077 1604 2125 bello

326 2149 530 2211 superati.

390 2223 510 2269 XIII.
539 2223 620 2269 Per
651 2221 766 2268 idem
796 2232 970 2282 tempus
1006 2221 1260 2279 Odenatus,
1288 2220 1451 2268 insidiis
1483 2237 1600 2268 con-

326 2294 495 2341 sobrini
521 2294 881 2353 sui‚interemtus
911 2295 970 2340 est
999 2312 1098 2341 cum
1128 2294 1221 2341 filio
1242 2295 1446 2351 Herode,
1465 2311 1599 2356 quem

325 2367 530 2430 &ipsum
549 2371 865 2431 Imperatorem
882 2367 1199 2429 appellaverat.
1229 2367 1345 2413 Tum
1372 2367 1598 2424 Zenobia,

325 2456 447 2488 uxor
474 2439 590 2504 ejus,
627 2440 750 2504 quod
776 2439 956 2505 parvuli
987 2439 1122 2488 essent
1153 2438 1234 2489 filii
1273 2438 1392 2502 ejus,
1423 2439 1501 2503 qui
1529 2438 1599 2498 stt-⁴

1518 228 1540 247 *r
