1714 2807
287 186 375 217 202.
504 170 1372 220 AELIISPARTIANI

286 280 373 322 deo.
408 289 501 321 erat
532 275 649 322 enim
682 277 910 324 Juvenalis
943 277 1175 327 Praefefilus
1208 278 1301 340 ejus
1332 279 1565 342 praetorio.

284 348 381 395 Nec
408 365 507 394 eum
534 349 705 397 fefellit.
724 367 827 398 nam
850 353 1073 402 Baffianus
1090 390 1104 411 ,
1124 371 1224 401 cum
1246 371 1352 401 eum
1379 355 1567 402 occidis·

287 422 346 467 ser
363 458 376 480 ‚
398 440 447 470 ac
474 438 701 471 vereretur
722 428 1009 488 tyrannicam
1038 445 1089 474 ex
1116 427 1358 490 parricidio
1379 440 1533 474 notam
1552 462 1568 485 ‚

285 497 545 560 audiretque
561 533 575 557 ‚
589 499 709 559 poffe
726 500 915 563 mitigari
932 500 1102 547 facinus
1118 535 1130 556 ‚
1146 501 1174 545 fi
1193 501 1365 548 Divum
1383 499 1566 546 fratrem

284 570 552 630 appellaret,
582 571 733 619 dixiffe
763 573 930 630 fertur,
958 577 1025 618 Sic
1055 575 1232 630 Divus,
1265 577 1362 619 dum
1397 591 1485 618 non
1503 572 1565 636 fic

284 648 419 690 vivus.
446 645 658 708 Denique
682 663 782 692 eum
804 648 917 692 inter
939 648 1093 693 Divos
1114 647 1287 704 retulit,
1308 663 1441 708 arque
1461 647 1565 692 ideo

290 729 518 779 utcunque
544 717 672 764 rediit
698 735 799 766 cum
821 719 935 765 fama
955 720 1000 766 in
1022 720 1206 783 gratiam
1227 720 1458 781 parricida.

349 791 421 836 Ill.
451 792 592 837 Natus
620 792 681 838 est
712 795 854 849 Geta,
883 794 1054 840 Severo
1086 795 1134 841 &
1163 794 1352 842 Vitellio
1388 794 1566 841 Consu-

286 862 429 919 libus,
464 863 736 921 Mediolani,
761 865 837 911 etsi
866 866 992 911 aliter
1019 866 1094 912 alii
1124 867 1445 929 prodiderunt,
1466 866 1566 912 sex-
1634 860 1637 861 ⁷

285 947 335 980 to
363 936 588 983 Kalendas
616 938 788 994 Junias,
815 955 870 984 ex
900 939 1036 996 Julia,
1067 956 1200 1002 quam
1228 939 1398 987 idcirco
1426 941 1564 986 Seve-

283 1025 358 1055 rus
387 1025 576 1055 uxorem
610 1011 824 1068 duxerat,
851 1013 975 1073 quod
1002 1029 1097 1059 earn
1123 1013 1170 1059 in
1202 1013 1403 1077 genitura
1429 1013 1566 1059 habe-

283 1096 331 1127 re
361 1097 670 1144 compererat,
704 1095 754 1128 ut
786 1085 898 1148 regis
937 1101 1053 1131 uxor
1090 1085 1220 1143 esset,
1256 1085 1380 1149 isque
1415 1085 1566 1149 priva·

281 1167 381 1214 tus,
405 1156 476 1202 sed
498 1157 581 1217 jam
605 1159 766 1219 optimi
791 1160 836 1204 in
860 1160 1083 1220 republica
1107 1159 1213 1207 loci.
1238 1159 1392 1205 Statim
1417 1170 1466 1204 ut
1486 1175 1562 1204 na·

286 1242 358 1276 rus
387 1231 473 1289 est,
497 1233 747 1278 nuntiatum
776 1232 863 1288 est,
887 1248 1030 1278 ovum
1055 1233 1261 1295 gallinam
1294 1231 1339 1277 in
1366 1231 1466 1277 aula
1489 1245 1566 1291 pe-

284 1303 441 1364 periffe
460 1321 745 1366 purpureum.
765 1306 908 1366 Quod
928 1323 1030 1352 cum
1047 1306 1222 1351 allatum
1242 1304 1463 1349 Bassianus
1479 1302 1566 1349 fra·

286 1391 354 1422 ter
381 1377 473 1438 ejus
501 1377 758 1436 accepisset,
787 1380 835 1424 &
865 1377 982 1439 quasi
1011 1377 1223 1439 parvulus
1248 1375 1483 1438 applosum
1511 1375 1566 1422 ad

286 1462 450 1496 terram
480 1449 696 1512 fregisset,
721 1450 831 1497 Julia
855 1450 1008 1497 dixisse
1035 1450 1176 1497 fertur
1212 1448 1344 1509 joc0,
1377 1453 1566 1496 Maledi-

287 1526 340 1569 He
360 1527 603 1585 parricida,
628 1524 805 1583 fratrem
829 1541 943 1570 tuum
981 1525 1167 1590 occidisti.
1194 1523 1328 1586 quue
1359 1523 1466 1582 joco
1496 1521 1565 1567 di-

288 1596 433 1653 crum,
465 1597 654 1643 Severus
690 1595 819 1642 altius
856 1612 989 1658 quam
1022 1596 1255 1659 quisquam
1286 1593 1565 1657 praesentium

287 1668 487 1730 accepit:
514 1685 537 1713 a
562 1668 947 1715 circumstantibus
975 1681 1120 1716 autem
1138 1668 1317 1731 postea,
1339 1668 1466 1714 velut
1494 1667 1566 1712 di-

291 1741 463 1789 vinitus
490 1741 703 1801 effusum,
732 1743 1027 1806 approbatum
1054 1742 1128 1788 est.
1160 1741 1257 1788 Fuit
1284 1740 1416 1788 etiam
1447 1739 1568 1786 aliud

289 1828 441 1859 omen.
461 1830 561 1860 nam
582 1831 685 1862 cum
712 1814 757 1861 in
776 1814 881 1861 villa
906 1812 1130 1876 cujusdam
1150 1812 1404 1868 Antonini,
1421 1811 1565 1874 plebei

290 1885 488 1932 hominis
501 1921 513 1944 ,
530 1903 665 1950 agnus
684 1899 810 1934 natus
828 1887 931 1934 effet
944 1921 957 1945 ,
971 1886 1050 1951 qui
1064 1886 1207 1935 vellus
1225 1886 1270 1931 in
1292 1885 1442 1932 fronte
1462 1900 1569 1945 pur-

289 1974 480 2019 pureum
509 1958 715 2015 haberet,
734 1960 886 2006 eadem
919 1959 990 2006 die
1020 1970 1152 2022 atque
1171 1958 1311 2015 hora,
1337 1973 1422 2019 qua
1451 1958 1568 2003 Geta

291 2045 422 2077 natus
442 2031 528 2087 est,
554 2031 826 2095 audissetque
856 2033 930 2078 ille
959 2033 1013 2079 ab
1033 2030 1286 2094 haruspice,
1313 2030 1412 2092 post
1431 2031 1569 2077 Seve-

291 2120 418 2158 rum,
446 2102 730 2149 Antoninum
766 2103 1108 2166 imperaturum‚
1141 2120 1191 2152 ac
1220 2104 1274 2149 de
1305 2103 1346 2150 se
1381 2102 1457 2150 ille
1488 2119 1570 2149 au—

292 2187 548 2238 guraretur,
568 2174 639 2221 sed
660 2187 807 2222 tamen
824 2175 911 2222 tale
934 2175 1009 2221 fati
1028 2175 1202 2221 timeret
1220 2174 1435 2222 indicium
1448 2209 1463 2233 ‚
1478 2173 1568 2221 fer-

293 2264 347 2294 ro
376 2264 476 2295 eum
506 2248 676 2311 adegit:
700 2248 823 2310 quod
850 2249 899 2296 &
931 2247 1070 2309 ipsum
1099 2248 1224 2311 signo
1258 2247 1369 2305 fuit,
1405 2248 1566 2293 Getam

288 2322 345 2367 ab
367 2322 608 2369 Antonino
629 2322 999 2381 interimendum,
1021 2335 1069 2370 ut
1093 2322 1246 2386 postea
1270 2321 1369 2369 satis
1392 2319 1565 2369 claruit.

291 2393 390 2440 Fuit
410 2393 540 2441 etiam
564 2394 685 2441 aliud
709 2411 843 2442 omen
869 2396 1023 2458 ingens
1049 2395 1220 2458 postea,
1244 2406 1293 2442 ut
1316 2392 1462 2441 exitus
1485 2393 1567 2439 do-

289 2467 383 2516 cuit
408 2468 537 2532 hujus
562 2468 799 2527 facinoris,
818 2470 942 2533 quod
964 2469 1130 2521 evenit.
1150 2471 1264 2518 Nam
1293 2485 1392 2517 cum
1414 2465 1563 2514 infan-
