1714 2807
359 158 446 221 138
574 160 804 212 AEL11
870 159 1441 208 SPARTtANt

350 263 494 325 posset
521 264 562 312 ei
584 265 784 321 succedi,
805 265 882 330 qui
902 266 1083 314 militem
1103 265 1191 328 jam
1214 266 1292 314 fibi
1312 268 1504 316 tenebat.
1525 267 1634 315 Mis-

348 336 418 384 sus
444 350 656 400 praeterea
690 337 895 402 Aquilius
926 339 1157 398 centurio,
1181 353 1317 388 notus
1348 340 1542 388 caedibus
1569 341 1632 388 se-

347 411 564 470 natoriis,
597 411 676 475 qui
708 412 924 459 Severum
957 412 1196 460 occideret.
1235 413 1330 475 Ipse
1369 427 1514 461 autem
1553 416 1631 463 Ju—

344 481 491 530 lianus
519 482 818 545 praetorianos
852 485 896 530 in
925 500 1130 546 campum
1163 483 1319 532 deduci
1350 484 1506 545 jubet,
1536 503 1632 532 mu-

347 555 435 601 niri
470 569 644 604 turres:
675 556 747 604 sed
774 556 936 605 milites
957 558 1122 605 desides
1143 592 1156 615 ,
1186 559 1234 605 &
1262 559 1430 606 urbana
1456 559 1629 607 luxuria

347 627 585 675 diffolutos
599 663 612 684 ‚
641 628 928 676 invitissimos
945 631 998 677 ad
1018 630 1281 679 exercitium
1308 631 1498 679 militare
1519 649 1628 695 pro-

341 701 498 757 duxit,
521 701 580 749 ita
606 715 654 749 ut
679 702 875 750 vicarios
899 703 1075 764 operis,
1095 703 1224 766 quod
1249 704 1495 769 unicuique
1516 722 1626 768 prae·

341 772 648 831 scribebatur,
679 775 883 822 mercede
911 775 1228 823 conducerent.

410 847 489 893 Vl⁷
513 847 564 895 Et
588 847 777 894 Severus
805 847 986 908 quidem
1019 848 1072 892 ad
1107 848 1275 894 Urbem
1302 846 1463 895 infesto
1486 848 1627 912 agmi-

341 932 398 963 ne
439 916 674 965 veniebat:
705 917 775 965 sed
807 919 972 966 Didius
1004 918 1197 966 Julianus
1230 919 1337 966 nihil
1365 937 1465 967 cum
1503 936 1626 967 exer-

339 992 432 1038 citu
461 994 736 1053 praetoriano
766 993 1057 1056 proficiebat,
1079 1011 1209 1057 quem
1246 994 1449 1058 quotidie
1475 1011 1626 1057 popu·

338 1064 406 1111 lus
427 1067 476 1113 ὅ(
497 1067 631 1129 magis
664 1068 849 1124 oderat,
874 1069 923 1115 &
955 1067 1140 1114 ridebat.
1165 1067 1248 1113 Sed
1276 1066 1500 1124 Julianus,
1527 1068 1625 1130 spe-

339 1154 440 1184 rans
465 1141 634 1186 Laetum
671 1141 891 1187 fautorem
918 1139 1098 1198 Severi,
1127 1157 1227 1189 cum
1251 1157 1329 1203 per
1352 1155 1452 1186 eum
1480 1141 1624 1188 Com-

339 1212 467 1258 modi
503 1230 659 1261 manus
696 1214 929 1271 evasisset,
964 1213 1161 1277 ingratus
1199 1225 1325 1260 tanto
1357 1211 1577 1261 beneficio
1605 1249 1621 1272 ‚

336 1279 455 1341 justit
476 1300 574 1330 eum
601 1284 761 1331 occidi.
783 1283 898 1343 juffit
918 1284 1049 1331 etiam
1070 1283 1286 1331 Marciam
1310 1283 1515 1332 interfici.
1537 1286 1623 1333 Sed

335 1353 442 1400 dum
475 1356 570 1402 haec
601 1355 687 1418 agit
719 1355 940 1414 Julianus,
961 1357 1153 1403 Severus
1182 1356 1354 1404 classem
1378 1358 1620 1404 Ravenna-

334 1437 425 1471 tem
455 1442 682 1489 occupat:
711 1427 839 1490 legati
869 1427 1082 1481 Senatus,
1109 1428 1185 1491 qui
1207 1426 1383 1474 Juliano
1403 1427 1621 1491 promise-

334 1509 435 1543 rant
451 1514 632 1560 operam
655 1499 798 1552 suam‚
824 1501 878 1546 ad
902 1501 1116 1546 Severum
1143 1500 1422 1548 transierunt.
1444 1501 1618 1548 Tullius

332 1569 599 1634 Crispinus,
635 1573 871 1620 Praefectus
912 1573 1127 1634 praetorio
1150 1608 1162 1631 ‚
1203 1586 1360 1621 contra
1399 1575 1616 1622 Severum

332 1642 512 1701 missus,
543 1658 591 1691 ut
628 1645 799 1693 classem
837 1645 1140 1706 produceret,
1176 1645 1377 1705 repulsus
1421 1647 1615 1695 Romam

330 1713 477 1762 rediit.
510 1716 619 1763 Haec
657 1733 757 1763 cum
780 1716 975 1763 Julianus
1008 1716 1208 1774 videret,
1237 1716 1447 1763 Senatum
1479 1732 1614 1780 roga-

328 1790 426 1848 vit,
455 1804 502 1838 ut
529 1791 726 1856 virgines
756 1791 949 1838 Vestales
982 1793 1031 1839 &
1066 1791 1201 1838 ceteri
1231 1791 1476 1839 sacerdotes
1510 1809 1613 1841 cum

329 1866 495 1912 Senatu
516 1866 701 1913 obviam
723 1865 941 1913 exercitui
969 1865 1125 1912 Severi
1148 1863 1377 1927 prodirent
1396 1900 1410 1920 ,
1431 1865 1480 1912 &
1499 1882 1611 1927 prae-

326 1939 460 1987 tentis
495 1939 648 1987 infulis
676 1954 914 2004 rogarent;
939 1941 1071 1987 inane
1098 1951 1254 1987 contra
1283 1939 1493 1985 barbaros
1524 1939 1608 1986 mi-

324 2014 426 2061 lites
463 2014 708 2077 praesidium
736 2032 907 2075 parans.
938 2016 1045 2062 Haec
1074 2026 1222 2060 tamen
1255 2012 1401 2076 agenti
1429 2012 1607 2061 Juliano

323 2088 503 2135 Faustus
533 2088 800 2148 Quintillius
832 2086 1091 2136 Consularis
1127 2103 1263 2149 augur
1299 2084 1607 2141 contradixit,

323 2160 539 2217 asserens,
567 2177 660 2207 non
689 2160 848 2207 debere
877 2161 1093 2222 imperare
1118 2175 1247 2218 eum,
1271 2159 1346 2221 qui
1377 2156 1509 2206 armis
1527 2158 1608 2205 ad·

321 2231 524 2284 versario
562 2248 656 2279 non
689 2233 829 2294 posset
869 2232 1072 2279 resistere.
1113 2230 1184 2278 cui
1215 2230 1339 2277 multi
1373 2232 1606 2277 Senatores

323 2305 657 2354 consenserunt.
677 2307 830 2366 Quare
856 2306 988 2352 iratus
1015 2305 1202 2362 Didius,
1230 2304 1390 2351 milites
1413 2320 1435 2349 e
1454 2301 1604 2377 castris

322 2377 486 2440 petiit,
522 2377 598 2442 qui
625 2380 831 2426 Senatum
862 2379 915 2425 ad
956 2378 1220 2440 obsequium
1257 2389 1467 2441 cogerent
1486 2410 1499 2432 ,
1527 2387 1602 2443 aut

319 2449 659 2500 obtruncarent.
698 2450 783 2498 Sed
818 2450 865 2498 id
902 2450 1139 2498 confilium
1183 2447 1414 2512 displicuit.
1457 2462 1601 2512 neque
