1714 2807
317 193 379 241 94
508 173 942 221 TREBELLH
1002 170 1445 219 POLLIONIS
1512 226 1514 228 ,

384 284 507 330 XIV.
538 286 587 326 1⁴11
622 284 716 327 haec
737 280 916 343 quidem
941 279 1195 327 Heracliani
1221 279 1344 326 ducis
1364 297 1466 342 erga
1494 295 1602 327 rem·

320 355 544 416 publicam
582 352 774 399 devotio
801 344 896 399 fui't.
931 355 1098 399 Verum
1132 371 1234 400 cum
1274 353 1471 400 Gallieni
1511 366 1606 399 tan·

321 442 410 473 ram
429 425 762 487 improbitatem
786 423 897 471 ferre
921 440 1013 470 non
1040 424 1213 486 possent
1229 461 1241 481 ,
1265 425 1499 471 consilium
1521 424 1606 471 ini-

322 509 451 546 erunt
469 499 712 544 Martianus
738 501 786 544 ὅ(
809 497 1121 554 Heraclianus,
1145 509 1194 542 ut
1220 497 1327 543 alter
1353 513 1509 543 eorum
1529 496 1609 542 im·

324 571 495 633 perium
526 582 730 632 caperet:
755 571 802 616 &
832 568 1044 615 Claudius
1073 568 1283 631 quidem,
1312 582 1359 614 ut
1388 569 1466 614 suo
1494 569 1609 614 dice-

323 659 422 690 mus
451 643 584 699 loco,
616 642 688 687 vir
725 642 927 687 omnium
961 640 1189 702 optimus,
1219 641 1381 686 electus
1411 642 1470 687 est
1489 676 1502 698 ,
1535 639 1613 702 qui

325 713 519 761 consilio
554 731 646 760 non
685 714 865 760 affuerat
888 748 901 767 ‚
932 728 1070 775 eaque
1102 713 1220 774 apud
1264 714 1448 759 cunfilos
1482 729 1613 760 reve-

328 788 497 845 rentia,
531 801 578 833 ut
615 786 772 849 dignus
815 785 1043 831 videretur
1074 785 1290 847 imperio,
1326 787 1615 848 quemadmo-

327 862 435 906 dum
453 858 600 921 postea
621 859 967 919 comprobatum
991 857 1066 903 est.
1092 857 1126 903 is
1151 858 1268 903 enin-1
1290 858 1348 904 est
1376 858 1617 915 Claudius,

329 950 457 995 aquo
473 932 791 980 Constantinus
809 968 821 988 ,
837 930 1187 995 vigilantiffimus
1210 931 1377 989 Caesar,
1399 933 1618 996 originem

331 1006 466 1053 ducit.
507 1006 601 1050 Fuit
638 1004 829 1064 ejusdem
866 1003 1008 1050 socius
1046 1004 1089 1048 in
1127 1006 1382 1066 appetendo
1429 1005 1620 1066 imperio

331 1077 510 1139 quidam
549 1076 778 1122 Ceronius
817 1075 909 1120 sive
947 1076 1228 1136 Cecropius,
1267 1076 1357 1121 dux
1391 1076 1621 1122 Dalmata·

334 1168 461 1207 rum,
488 1151 565 1212 qui
594 1165 672 1195 eos
694 1150 744 1195 &
774 1148 1057 1194 urbaniffime
1086 1150 1135 1195 &
1176 1148 1510 1209 prudentiffime
1543 1148 1619 1193 ad-

334 1221 466 1281 iuvit.
482 1221 567 1266 Sed
592 1237 691 1266 cum
713 1220 950 1280 imperium
972 1235 1129 1280 capere
1151 1219 1264 1266 vivo
1286 1220 1499 1266 Gallieno
1527 1235 1623 1266 non

336 1293 538 1358 possent,
567 1291 825 1352 hujusmodi
859 1309 959 1338 eum
996 1291 1163 1337 insidiis
1206 1293 1503 1354 appetendum
1539 1292 1624 1338 effe

337 1369 587 1423 duxerunt,
617 1379 666 1411 ut
690 1366 832 1410 labem
865 1363 1258 1425 improbissimam,
1284 1364 1408 1412 malis
1437 1365 1537 1411 fessa
1559 1381 1624 1411 re·

339 1438 517 1501 publica
544 1473 557 1495 ,
594 1456 615 1484 a
648 1437 958 1500 gubernaculis
996 1436 1177 1482 humani
1215 1437 1385 1500 generis
1418 1437 1626 1484 dimove·

340 1524 466 1570 rent,
495 1529 551 1558 ne
582 1511 750 1558 diutius
777 1512 951 1558 theatro
977 1512 1025 1557 &
1056 1511 1193 1557 Circo
1222 1510 1391 1557 addiaa
1426 1510 1626 1573 republi-

342 1600 519 1647 ca,-per
547 1585 832 1646 voluptatum
858 1583 1077 1645 deperiret
1107 1583 1350 1629 illecebras.
1371 1582 1631 1628 Infidiarum

342 1673 481 1720 genus
509 1657 591 1703 fuit
619 1657 716 1705 tale.
745 1656 976 1702 Gallienus
1013 1656 1069 1702 ab
1098 1656 1328 1713 Aureolo,
1362 1655 1438 1718 qui
1467 1654 1631 1717 princi·
1675 1660 1677 1662 ’

345 1743 500 1793 patum
531 1731 779 1786 invaserat,
809 1731 1066 1788 diffidebat,
1098 1729 1274 1792 sperans
1306 1729 1509 1793 quotidie
1538 1746 1632 1794 gra-

346 1819 452 1849 vem
488 1802 890 1850 &intolerabilem
925 1802 1200 1848 tumultuarii
1236 1801 1520 1863 Imperatoris
1555 1801 1633 1848 ad-

347 1886 550 1921 ventum.
575 1875 675 1921 Hoc
702 1874 886 1921 scientes
910 1875 1157 1921 Martianus
1180 1876 1227 1921 δέ
1259 1874 1508 1936 Cecropius
1525 1909 1539 1932 ‚
1562 1874 1632 1920 su-

348 1945 448 1993 bito
467 1947 676 1992 Gallieno
701 1945 910 2011 iusserant
931 1947 1123 1993 nuntiari
1145 1983 1155 2003 ‚
1174 1948 1422 1993 Aureolum
1448 1946 1532 2007 jam
1555 1962 1634 1994 ve·

352 2019 462 2066 nire.
482 2020 558 2065 Ille
574 2019 706 2081 igitur
721 2056 734 2076 ‚
755 2020 969 2066 militibus
991 2014 1270 2082 congregatis
1289 2056 1299 2073 ,
1322 2019 1441 2082 quasi
1463 2032 1635 2066 certum

354 2092 564 2154 processit
591 2094 644 2138 ad
675 2093 916 2155 praelium,
942 2106 1076 2154 atque
1107 2094 1164 2139 ita
1200 2093 1333 2139 millis
1369 2091 1631 2154 percussori-

355 2165 437 2211 bus
470 2165 729 2211 interemtus
763 2165 836 2210 est.
873 2168 928 2211 Et
953 2165 1130 2223 quidem
1163 2165 1374 2226 Cecropi}
1407 2165 1635 2210 Dalmata·

356 2254 453 2283 rum
480 2238 604 2285 ducis
630 2238 780 2301 gladio
812 2238 1044 2284 Gallienus
1082 2237 1241 2284 dieitur
1272 2237 1356 2283 effe
1388 2237 1636 2299 percussus,

358 2323 405 2354 ut
428 2309 608 2371 quidam
647 2309 825 2366 ferunt,
856 2310 973 2357 circa
1011 2310 1342 2356 Mediolanum:
1373 2310 1449 2356 ubi
1487 2309 1637 2355 conti-

359 2399 455 2428 nuo
485 2383 533 2430 δι
556 2381 689 2430 frater
714 2383 805 2444 ejus
826 2382 1090 2429 Valerianus
1111 2383 1170 2428 est
1195 2383 1452 2429 interemtus
1471 2418 1482 2436 ‚
1505 2398 1638 2444 quem

360 2454 488 2501 multi
529 2456 800 2518 Augustum,
832 2455 963 2503 multi
1000 2455 1244 2515 Caesarem,
1275 2455 1401 2503 multi
1436 2466 1638 2503 neutrum
