1714 2807
293 172 384 214 2¹4
565 155 764 203 JULtt
819 157 1306 218 CAPITOLINI

291 274 451 308 contra
470 262 680 318 Parthos,
699 262 869 309 defefilu
895 264 1147 326 legionum,
1172 281 1272 327 quae
1302 265 1356 311 ad
1382 265 1569 315 Varium

293 333 633 395 Heliogabalum
661 334 980 400 confugerant,
1002 336 1264 383 interemtus
1280 337 1352 385 est.
1383 339 1468 384 Sed
1493 355 1574 386 an-

292 420 354 450 no
388 405 577 467 amplius
605 404 858 468 imperavit.
886 408 997 454 Sane
1033 425 1135 455 cum
1168 409 1271 457 ess'et
1301 409 1495 455 inferior
1524 409 1573 457 in

292 496 350 526 eo
377 480 526 537 bello,
551 483 674 544 quod
703 483 960 528 Antoninus
982 483 1190 546 gesserat,
1221 485 1447 530 Artabane
1473 501 1574 547 gra-

293 552 410 597 viter
432 568 585 600 necem
608 553 787 599 suorum
809 555 979 600 civium
1001 554 1286 613 vindicante,
1313 556 1460 618 primo
1483 558 1576 602 Ma·

295 624 447 670 crinus
477 626 775 688 repugnavit:
804 627 953 687 postea
985 643 1097 672 vero
1136 627 1269 678 miffis
1305 628 1456 691 legatis
1497 645 1577 691 pe-

294 695 367 741 tiit
389 713 540 756 pacem
559 733 570 751 ,
599 713 731 759 quam
762 697 915 743 libenti
936 698 1099 750 animo¹
1116 697 1350 745 interfeRO
1382 700 1577 746 Antoni-

296 785 358 815 no
389 770 576 817 Parthus
601 772 830 821 conceffit.
858 773 961 819 lnde
990 790 1090 820 cum
1121 771 1161 819 se
1190 773 1480 819 Antiochiam
1510 789 1578 820 re·

298 845 506 907 cepisset,
526 861 575 892 ac
610 844 797 892 luxuriae
830 861 1013 907 operam
1044 845 1194 900 daret,
1221 844 1377 906 justam
1405 845 1579 892 causam

298 916 599 963 interficiendi
635 917 696 963 sui
725 918 913 979 praebuit
941 917 1192 975 exercitui,
1215 934 1266 964 ac
1294 918 1474 964 Baffiani
1492 955 1503 973 ‚
1532 930 1582 964 ut

298 992 537 1051 putabatur
561 1027 574 1048 ,
604 989 742 1038 filium
781 991 1028 1054 sequendi,
1063 992 1108 1038 id
1137 990 1228 1048 est,
1253 993 1580 1053 Heliogabalum

300 1067 546 1128 Baffiarzum
572 1071 617 1112 V
614 1070 777 1125 arium,
807 1067 885 1130 qui
919 1066 1069 1131 postea
1095 1068 1142 1115 &
1163 1066 1392 1129 Baffianus
1412 1067 1460 1113 &
1483 1069 1579 1115 Art·

300 1144 472 1183 tom'rms
496 1137 738 1199 appellatus
760 1137 834 1185 est.

367 1211 446 1255 lx.
478 1210 576 1256 Fuit
604 1212 805 1272 quaedam
838 1209 996 1256 mulier
1022 1211 1179 1266 Maesa,
1211 1210 1302 1256 sive
1334 1208 1495 1268 Varia,
1528 1226 1586 1257 ex

301 1282 519 1329 Emiffena
540 1284 676 1342 urbe,
705 1284 835 1331 soror
866 1284 992 1344 Juliae
1017 1286 1172 1331 uxoris
1199 1283 1355 1331 Severi
1388 1283 1581 1330 Pertina-

305 1355 365 1402 cis
400 1354 524 1413 Afri,
559 1373 660 1418 quae
697 1357 796 1419 post
829 1370 1016 1404 mortem
1050 1357 1275 1406 Antonini
1307 1355 1490 1402 Baffiani
1529 1371 1584 1401 ex

304 1428 445 1474 aulica
471 1430 611 1476 domo
633 1428 774 1476 fuerat
793 1429 971 1491 expulsa
998 1446 1074 1492 per
1096 1428 1290 1477 Macrini
1312 1428 1586 1490 superbiam3

303 1504 376 1550 cui
406 1504 585 1566 quidem
609 1504 760 1550 omnia
790 1504 1001 1552 conceffit
1029 1504 1286 1559 Macrinus,
1307 1520 1405 1566 quae
1431 1503 1505 1548 diu
1533 1502 1587 1547 il-

306 1578 345 1623 la
377 1577 628 1640 collegerat.
655 1578 770 1625 Huic
805 1590 930 1625 erant
966 1578 1062 1624 duae
1093 1576 1197 1623 fitiae
1216 1613 1230 1635 ,
1255 1576 1510 1623 Semiamira
1539 1577 1589 1624 δι

305 1653 566 1708 Mammaea,
584 1670 772 1716 quarum
803 1652 962 1712 majori
988 1651 1106 1699 filius
1131 1665 1224 1699 erat
1247 1650 1590 1714 Heliogabalus·,

307 1725 383 1787 qui
401 1727 445 1770 85
468 1724 649 1770 Baffiani
672 1727 719 1773 &
739 1724 959 1772 Antonini
983 1741 1150 1771 nomen
1169 1724 1356 1786 accepit.
1376 1741 1476 1768 nam
1500 1724 1589 1768 He-

307 1799 577 1860 liogabalum
604 1798 838 1846 Phoenices
865 1812 1032 1845 vocant
1067 1798 1219 1844 solem.
1255 1797 1338 1843 Sed
1375 1796 1589 1858 Helioga·

308 1871 432 1918 baius
457 1871 787 1933 pulchritudine
807 1908 818 1928 ,
837 1888 886 1918 ac
925 1872 1102 1924 statura,
1129 1873 1176 1917 ὅ(
1198 1869 1449 1916 sacerdotio
1474 1882 1590 1914 con·

308 1942 484 2005 spicuus
508 1955 627 2001 erat,
653 1960 705 1990 ac
735 1957 867 1990 notus
885 1944 1096 1990 omnibus
1126 1942 1414 1996 hominibus,
1443 1940 1517 2001 qui
1537 1940 1593 1985 ad

309 2015 524 2076 templum
555 2015 829 2074 veniebant,
859 2016 1075 2062 militibus
1105 2014 1340 2077 praecipue.
1372 2012 1451 2058 His
1483 2012 1594 2057 Mae-
1625 2016 1631 2019 '

310 2087 376 2144 sa,
404 2088 496 2134 five
526 2089 688 2146 Varia,
720 2090 860 2147 dixit,
885 2090 1132 2136 Baffianum
1160 2087 1297 2134 filium
1331 2086 1415 2133 effe
1446 2088 1594 2131 Anto·

314 2162 429 2218 nini,
459 2164 583 2225 quod
625 2164 836 2223 paulatim
882 2163 1095 2208 omnibus
1127 2161 1344 2207 militibus
1383 2157 1595 2204 innotuit.

310 2237 409 2280 Erat
446 2228 657 2296 praeterea
695 2233 825 2280 Maesn
864 2234 953 2294 ipsa
993 2233 1219 2289 ditissima,
1253 2250 1305 2278 ex
1336 2249 1431 2295 quo
1461 2230 1595 2279 etiam

311 2305 635 2368 Heliogabalus
661 2303 1050 2351 luxuriosissimus:
1071 2320 1156 2365 qua
1187 2302 1476 2364 promittente
1511 2299 1595 2346 mi·

313 2376 465 2423 litibus
486 2413 500 2434 ,
526 2377 723 2440 legiones
763 2377 969 2423 abduftae
997 2375 1094 2422 sunt
1127 2393 1150 2424 a
1184 2375 1403 2423 Macrino.
1438 2372 1597 2420 Susce-

311 2461 387 2512 pta
416 2449 536 2498 enim
569 2449 644 2497 illa
671 2450 805 2499 ηοξὶυ
840 2450 886 2496 in
916 2449 1134 2515 oppidum
1162 2465 1263 2498 cum
1297 2446 1416 2506 suis,
1448 2459 1591 2511 nepos
