1637 2785
250 127 446 176 vrrAE
488 111 1120 176 VALERlANORUM.
1252 136 1346 193 259¹

40 232 121 296 fac
142 253 231 283 cum
252 236 459 281 Romanis
482 252 628 295 pacem
645 268 658 292 ‚
676 236 797 280 nobis
815 237 942 281 etiam
975 237 1025 280 ob
1057 249 1193 296 gentes
1224 235 1345 281 Pon-

47 320 153 362 ticas
171 315 448 377 profuturam.
479 313 772 361 Arthabasdes
801 330 880 360 rex
916 314 1238 361 Armeniorum
1275 327 1344 362 ta·

45 397 134 444 lem
163 396 216 443 ad
237 397 451 457 Saporem
466 392 719 456 -epistolam
758 394 901 440 misit:
931 398 985 440 In
1012 411 1173 456 partem
1204 399 1349 458 gloria>

46 484 192 530 venio:
219 481 294 542 sed
312 495 468 535 vereor,
495 495 546 522 ne
567 495 652 522 non
679 491 767 522 tam
796 478 941 522 viceris
958 511 972 533 ,
1000 496 1121 537 quani
1146 481 1250 522 bella
1268 479 1342 538 se-

48 566 192 610 rueris.
224 564 496 607 Valerianum
524 558 567 607 6'
590 561 714 620 filius
746 562 881 621 repetit
913 557 956 604 δ’
985 578 1134 620 nepos,
1154 559 1195 607 δ’
1223 563 1345 608 duces

46 643 267 700 Romani,
289 639 331 688 δ’
347 642 486 687 omnis
510 640 661 686 Gallia
675 675 688 698 ,
708 637 749 687 G·
771 641 910 685 omnis
930 638 1083 697 Africa
1098 673 1112 697 ,
1137 637 1179 685 G·
1202 643 1339 686 omnis

41 724 284 786 Hispania,
305 720 348 778 ᾇ
372 724 508 768 omnis
535 723 688 778 Italia,
709 719 751 767 δ’
770 737 911 766 omnes
941 735 1079 782 gentes
1095 754 1108 777 ‚
1135 721 1342 781 quaesunt

43 805 95 849 in
122 804 292 863 Illyrico
328 798 370 846 δ’
395 803 441 846 in
479 802 646 857 Ponto,
679 817 765 862 quae
805 818 894 845 cum
926 801 1135 845 Romanis
1173 802 1342 861 consen·-

44 886 185 942 tiunt,
214 899 289 929 aut
311 885 599 929 Romanorum
614 884 750 943 sunt:
781 901 908 928 unum
940 900 1030 944 ergo
1048 883 1193 942 finem
1229 887 1335 945 cepi-

30 968 94 1033 sti
110 1002 125 1024 ‚
160 965 204 1013 δ’
225 984 363 1012 omnes
383 981 521 1028 gentes
543 968 650 1012 orbis
677 965 953 1030 infestiffimas
978 968 1052 1011 tibi
1072 965 1225 1033 ftczsti.
1239 967 1337 1025 for-

45 1048 158 1111 taffis
185 1045 228 1094 δ’
254 1047 399 1103 nobis,
428 1049 523 1108 qaia
550 1047 722 1093 auxilia
756 1046 969 1110 misimus,
1002 1047 1073 1107 qui
1105 1048 1236 1093 vicini
1253 1049 1337 1108 su-

44 1148 169 1177 mus:
198 1133 269 1191 qui
288 1130 450 1191 fimper
479 1131 597 1175 vobis
625 1130 732 1174 inter
756 1146 830 1175 vos
851 1131 1137 1191 pugnantibus
1165 1132 1335 1176 labora-

48 1228 156 1257 mus.
184 1209 427 1268 Baebiani,
452 1210 500 1256 ὅ(
521 1207 712 1266 Hiberi,
732 1209 782 1257 &
801 1207 980 1264 Albini,
1002 1209 1050 1256 &
1070 1209 1336 1274 Tauroscy-

44 1289 138 1335 thae
165 1288 344 1351 Saporis
373 1287 522 1336 literas
547 1304 641 1335 non
676 1292 961 1358 receperunt:
985 1287 1060 1335 sed
1083 1287 1136 1335 ad
1161 1289 1333 1336 Roma-

41 1386 131 1418 nos
162 1370 432 1434 scripserunt
458 1370 624 1429 duces,
649 1367 817 1416 auxilia
845 1369 1141 1432 pollicentes,
1161 1370 1217 1416 ad
1242 1372 1332 1417 Va-

43 1452 263 1501 lerianum
290 1454 345 1501 de
375 1454 639 1517 captivitate
677 1454 970 1502 liberandum.
1003 1454 1088 1502 Sed
1128 1456 1332 1502 Valeria-

43 1547 110 1580 no
144 1533 262 1595 apud
287 1533 437 1582 Persas
478 1534 849 1591 consenescente,
883 1536 1112 1582 Odenatus
1148 1536 1334 1600 Palmy-

42 1628 208 1672 renus,
234 1614 429 1662 collecto
457 1615 682 1671 exercitu,
711 1630 803 1662 rem
828 1616 1081 1662 Romanam
1112 1631 1253 1678 prope
1280 1617 1331 1664 in

38 1692 276 1755 pristinum
307 1693 465 1742 statum
499 1686 708 1743 reddidit.
743 1695 860 1758 cepit
889 1683 1036 1761 regios
1067 1694 1329 1756 thesauros,

42 1773 165 1835 cepit
195 1773 353 1828 etiam,
378 1791 491 1838 quas
522 1775 734 1845 thesauris
765 1775 961 1824 cariores
991 1775 1155 1823 habent
1173 1811 1186 1835 ,
1214 1777 1329 1840 regis

39 1851 232 1901 Parthici
260 1855 555 1905 concubinas.
581 1858 735 1916 Quare
753 1857 891 1920 magis
906 1855 1201 1905 reformidans
1229 1859 1325 1908 Ro-

38 1948 200 1981 manos
221 1935 357 1983 duces
376 1936 542 1999 Sapor,
563 1938 728 1986 timore
752 1938 919 1986 Balistae
944 1950 1075 2001 atque
1102 1940 1325 2001 Odenati,

38 2011 90 2059 in
113 2031 297 2081 regnum
317 2017 440 2066 suum
475 2019 602 2069 ocius
622 2020 663 2068 se
686 2020 870 2084 recepit.
894 2033 1028 2085 atque
1049 2021 1124 2069 hic
1143 2022 1324 2071 interim

39 2092 143 2142 finis
172 2097 278 2145 belli
309 2097 392 2146 fuit
417 2100 592 2149 Perfici.
615 2102 725 2150 Haec
747 2101 847 2150 sunt
879 2102 1011 2167 digna
1047 2103 1232 2168 cognitu
1267 2105 1324 2153 de

39 2173 310 2235 Valeriano,
329 2179 456 2240 cujus
475 2197 555 2244 per
575 2198 721 2230 annos
745 2183 879 2230 LXX
905 2183 999 2231 vita
1018 2182 1246 2232 laudabilis
1273 2184 1324 2233 in

38 2270 139 2302 eam
162 2256 480 2306 conscenderat
507 2260 723 2324 gloriam,
744 2275 793 2309 ut
820 2261 922 2326 post
943 2262 1142 2323 honores
1164 2280 1324 2315 omnes

36 2335 90 2384 &
124 2336 398 2401 magistratus
432 2338 624 2406 infignes
653 2342 826 2406 gestos,
863 2345 1114 2407 Imperator
1167 2343 1321 2395 fieret:

40 2431 137 2466 non
152 2452 169 2480 ,
191 2430 241 2467 ut
268 2418 412 2484 solet,
429 2422 724 2474 tumultuario
746 2424 908 2491 populi
932 2423 1155 2475 concursu
1171 2459 1187 2487 ,
1219 2442 1319 2477 non

958 2505 999 2552 R
1034 2521 1060 2571 3
