1714 2807
374 186 466 227 1¹4
613 155 1481 211 AELIILAMPRIDII

374 275 527 339 pulum
544 274 798 319 Romanum
818 267 956 315 dixit:
977 281 1073 330 quo
1087 263 1316 327 saepiffime
1335 261 1548 325 praesente
1565 260 1654 324 gla-

371 351 520 395 diator
547 345 777 409 pugnavit.
807 344 918 388 Sane
935 376 949 399 ,
970 357 1069 387 cum
1096 338 1161 384 illi
1195 339 1307 400 saepe
1336 335 1576 399 pugnanti,
1602 347 1654 381 ut

368 423 476 469 Deo
493 456 507 475 ‚
535 419 731 481 populus
768 415 939 463 favisset
957 449 972 471 ,
994 411 1167 458 irrisum
1196 411 1237 457 se
1265 410 1449 456 credens
1466 443 1480 466 ,
1507 424 1654 470 popu-

367 496 460 540 lum
488 494 741 540 Romanum
772 506 795 536 a
819 487 1034 535 militibus
1060 481 1314 539 classiariis,
1335 482 1413 545 qui
1441 481 1541 527 vela
1569 480 1652 525 du-

370 568 558 626 cebant,
579 565 625 612 in
659 561 986 625 amphitheatro
1015 553 1210 602 interimi
1242 565 1524 616 praeceperat.
1562 553 1652 598 Ur·

369 641 471 688 bem
501 637 681 686 incendi
705 634 903 696 jusserat,
929 641 1086 691 utpote
1113 627 1343 674 coloniam
1370 626 1505 671 suam.
1525 623 1653 687 quod

370 713 534 760 factum
564 710 695 767 esset,
723 707 801 753 nisi
835 708 981 751 Laetus
1004 701 1237 748 Praefectus
1267 698 1483 760 praetorio
1510 698 1654 744 Com-

369 788 556 834 modum
575 781 865 832 deterruisset.
888 776 1147 840 Appellatus
1167 775 1228 820 est
1249 773 1374 830 sane,
1395 773 1511 818 inter
1531 783 1655 817 cete-

369 878 414 906 ra
441 856 722 920 triumphalia
748 854 935 901 nomina
964 850 1095 898 etiam
1129 845 1371 895 sexcenties
1399 844 1540 892 vicies
1571 844 1655 890 Pa-

364 937 436 983 lus
464 934 632 995 primus
661 931 929 978 secutorum.

433 1011 558 1057 XVI.
587 1006 795 1068 Prodigia
821 1004 913 1064 ejus
942 999 1132 1063 imperio
1163 999 1211 1045 &
1240 994 1414 1060 publice
1433 995 1483 1041 &
1506 993 1653 1056 priva·

370 1083 450 1128 tim
469 1083 565 1127 haec
595 1079 706 1126 faita
734 1078 847 1122 sunt.
877 1072 1051 1120 Crinita
1079 1070 1199 1116 stella
1219 1065 1447 1130 apparuit:
1468 1064 1652 1124 vestigia

367 1157 577 1202 Deorum
598 1152 646 1198 in
670 1150 773 1197 foro
802 1148 892 1193 visa
916 1148 1014 1192 sunt
1033 1141 1268 1190 exeuntia:
1292 1142 1342 1185 &
1367 1149 1468 1184 ante
1486 1136 1654 1182 bellum

369 1228 674 1279 desertorum,
704 1220 870 1268 coelnm
905 1218 1037 1263 arsit:
1068 1216 1117 1260 &
1143 1211 1374 1274 repentina
1414 1208 1559 1271 caligo
1602 1223 1653 1254 ac

369 1301 554 1348 tenebra
583 1297 627 1343 in
647 1296 787 1342 Circo
809 1290 1023 1338 Kalendis
1041 1285 1256 1335 Ianuariis
1283 1284 1470 1330 oborta:
1487 1284 1534 1328 &
1554 1292 1654 1327 ante

367 1373 515 1418 lucem
545 1368 718 1415 fuerant
748 1364 880 1410 etiam
908 1357 1189 1407 incendiariae
1207 1371 1338 1412 aves,
1359 1370 1410 1400 ac
1438 1353 1558 1399 dirae.
1578 1353 1653 1399 De

366 1443 535 1490 Palatio
559 1439 649 1502 ipse
670 1439 722 1486 ad
749 1435 938 1483 Caelium
964 1446 1164 1478 montem
1185 1429 1230 1476 in
1249 1425 1516 1473 Veffllianas
1536 1424 1651 1470 aedes

369 1514 605 1579 migravit,
629 1527 790 1574 negans
804 1544 816 1567 ,
837 1509 877 1554 se
896 1507 941 1553 in
958 1504 1129 1550 Palatio
1152 1501 1274 1564 posse
1292 1498 1500 1546 dormire.
1518 1498 1653 1544 Janus

370 1589 576 1654 geminus
607 1585 680 1632 sna
708 1584 867 1647 sponte
887 1592 1064 1643 apertus
1095 1576 1180 1633 est,
1199 1577 1249 1622 &
1278 1573 1448 1619 Anubis
1477 1571 1652 1618 simula-

369 1680 496 1712 crum
527 1673 827 1707 marmoreum
859 1652 1039 1701 moveri
1073 1650 1216 1697 visum
1247 1648 1322 1694 est.
1357 1645 1561 1692 Herculis
1594 1643 1652 1689 si·

372 1750 508 1799 gnum
542 1748 712 1778 aeneum
745 1726 917 1775 sudavit
951 1725 996 1770 in
1031 1721 1229 1769 Minucia
1258 1735 1335 1782 per
1365 1718 1513 1780 plures
1545 1715 1651 1761 dies.

373 1807 497 1855 bubo
527 1805 658 1851 etiam
697 1802 822 1863 supra
851 1796 1107 1847 cubiculum
1138 1791 1231 1853 ejus
1261 1788 1528 1853 deprehensa
1562 1787 1653 1845 est,

373 1893 463 1928 tam
494 1880 679 1933 Rmnae,
706 1890 838 1938 quam
870 1869 1074 1918 Lanuvii.
1103 1867 1196 1930 lpse
1221 1878 1365 1912 autem
1394 1860 1650 1924 prodigium

372 1968 470 1999 non
504 1951 605 1997 leve
634 1948 713 1994 sibi
741 1946 859 1993 fecit.
891 1960 991 1990 nam
1021 1958 1121 1987 cum
1154 1939 1201 1985 in
1227 1935 1483 2001 gladiatoris
1513 1931 1652 1979 occisi

371 2025 539 2072 vulnus
567 2037 744 2068 manum
771 2017 978 2073 misisset,
1005 2015 1059 2061 ad
1087 2023 1219 2074 caput
1252 2009 1330 2055 fibi
1360 2006 1567 2054 detersit:
1600 2007 1651 2052 &

373 2110 532 2145 contra
576 2091 945 2141 consuetudinem
987 2085 1221 2148 penulatos
1262 2080 1378 2141 juffit
1431 2077 1648 2140 spectato-

369 2186 463 2224 res,
490 2183 583 2213 non
614 2178 794 2227 togatos
812 2197 825 2218 ,
850 2161 906 2206 ad
935 2174 1096 2205 munus
1127 2152 1404 2208 convenire,
1431 2150 1555 2213 quod
1583 2147 1650 2194 fu·

371 2240 583 2287 nebribus
613 2237 810 2288 solebat3
843 2231 933 2293 ipse
956 2231 1000 2276 in
1031 2228 1164 2291 pullis
1203 2223 1474 2273 vestimentis
1504 2219 1651 2282 praefi-

371 2316 494 2360 dens.
524 2311 664 2357 Galea
685 2307 780 2368 ejus
812 2306 877 2351 bis
903 2320 980 2366 per
1010 2315 1183 2364 portam
1205 2295 1518 2344 Libitinensem
1538 2293 1651 2340 elata

371 2388 447 2433 est.
467 2383 761 2447 Congiarium
789 2380 907 2425 dedit
935 2376 1108 2439 populo
1126 2410 1139 2431 ‚
1160 2372 1338 2434 singulis
1357 2369 1562 2415 denarios
1588 2366 1650 2413 se-

369 2463 612 2523 ptingenos
641 2457 828 2505 vicenos
859 2452 1038 2514 quinos.
1072 2449 1205 2495 Circa
1233 2446 1346 2492 alios
1363 2458 1522 2491 omnes
1549 2456 1645 2502 par-
