1637 2785
342 158 1040 209 SATURNlNUS.
1258 176 1343 225 233

313 354 1106 414 SATURNINUS.

76 566 170 615 Vll.
204 525 560 614 SATURNINUS
590 565 810 613 oriundus
838 565 922 613 fuit
950 565 1119 626 Gallis,
1137 582 1194 614 ex
1224 577 1354 630 gente

73 639 308 686 hominum
337 639 677 702 inquiefiffima,
707 640 756 686 δε
791 639 922 686 avida
963 629 1161 700 semper,
1189 640 1261 688 vel
1292 639 1354 686 fa·

74 712 223 758 ciendi
261 712 511 772 Principis,
543 712 615 758 vel
655 711 845 774 imperii.
874 711 992 758 Huic
1028 711 1144 757 inter
1178 724 1353 759 ceteros

76 785 212 830 duces
227 784 328 846 ,qui
349 801 455 830 vere
468 784 663 831 summus
680 784 932 840 videretur,
949 784 1216 830 Aurelianus
1234 783 1355 830 limi-

74 856 132 902 tis
150 856 396 902 Orientalis
427 857 637 903 ducatum
656 857 776 903 dedit
791 893 807 914 ,
828 856 1043 920 sapienter
1064 855 1326 919 praecipiens
1342 890 1356 910 ‚

75 947 133 977 ne
174 947 370 993 unquam
410 931 657 994 AEgyptum
702 932 890 978 videret.
932 931 1157 994 cogitabat
1197 931 1315 977 enim
1340 966 1355 989 ‚

75 1018 292 1066 quantum
323 1003 560 1062 videmus,
589 1004 660 1050 vir
692 1004 1082 1067 prudenfiffimus,
1117 1004 1356 1051 Gallorum

75 1089 278 1124 naturam
295 1113 309 1136 ‚
328 1079 377 1124 δε
397 1079 647 1134 verebatur,
664 1095 737 1136 ne,
755 1079 786 1124 s1
805 1079 1103 1141 perturbidam
1124 1078 1354 1125 civitatem

75 1150 276 1209 vidisset,
297 1168 389 1213 quo
421 1168 523 1198 eum
555 1167 710 1198 natura
745 1152 967 1209 ducebat,
997 1152 1206 1199 societate
1241 1169 1356 1215 quo-

76 1240 166 1286 que
197 1224 434 1271 hominum
464 1225 712 1272 duceretur.
741 1227 852 1271 Sunt
883 1225 1002 1272 enim
1033 1226 1239 1289 AEgyptii
1272 1224 1356 1288 (ut

77 1298 180 1346 satis
209 1297 359 1362 nosti)
391 1293 478 1344 ‘viri
512 1298 713 1355 ventosi,
742 1296 1002 1353 furibundi,
1032 1296 1263 1358 jastante3‚
1287 1297 1355 1344 in-

74 1370 256 1434 juriofi,
276 1385 408 1434 atque
436 1370 548 1417 adeo
578 1370 708 1425 vani,
736 1370 898 1427 liberi,
926 1387 1149 1417 novarum
1175 1386 1322 1416 rerum
1342 1405 1357 1426 ,

77 1442 216 1504 usque
242 1443 296 1488 ad
325 1442 567 1489 cantilenas
589 1442 816 1504 publicas,
845 1442 1101 1505 cupientes,
1131 1440 1355 1489 versifica-

78 1526 200 1561 tores
225 1551 238 1572 ,
266 1515 668 1579 epigrammatarii‚
698 1514 1030 1569 mathematici,
1067 1514 1321 1576 haruspices
1341 1549 1356 1572 ,

28 1603 34 1607 ·
78 1588 257 1634 medici.
289 1604 390 1633 nam
429 1589 477 1635 δε
514 1587 782 1646 Christiani,
822 1588 1075 1643 Samaritae,
1106 1589 1157 1634 &
1192 1587 1356 1650 quibus

77 1660 312 1724 praesentia
351 1660 521 1723 semper
559 1674 763 1724 tempora
801 1677 903 1707 cum
940 1661 1115 1708 enormi
1153 1659 1356 1707 libertate

80 1732 356 1795 displiceant.
395 1737 460 1779 Ac
489 1747 545 1777 ne
574 1733 672 1794 quis
703 1732 813 1779 mihi
844 1732 1162 1796 AEgyptiorum
1195 1731 1354 1780 irasca—

78 1788 250 1858 tur,⁰&
278 1819 423 1848 meum
459 1800 544 1846 effe
573 1802 752 1860 credat,
783 1804 910 1866 quod
945 1803 990 1848 in
1014 1802 1163 1849 literas
1188 1804 1355 1861 retuli,

79 1875 296 1921 Hadriani
319 1873 550 1937 epistolam
565 1908 578 1930 ‚
598 1891 654 1921 ex
673 1874 796 1921 libris
820 1875 1075 1938 Phlegontis
1096 1875 1240 1921 liberti
1261 1876 1356 1934 eius

78 1947 332 2010 proditam,
359 1963 411 1993 ex
440 1963 529 2010 qua
558 1947 736 2009 penitus
764 1948 1080 2012 AEgyptiorum
1113 1949 1203 1997 vita
1231 1949 1355 1996 dete-

78 2021 196 2083 gitur
213 2055 227 2076 ,
257 2019 411 2073 indidi.

147 2092 262 2137 V111.
290 2091 545 2139 Hadrianus
573 2093 786 2159 Augustus
815 2094 1016 2142 Serviano
1039 2097 1210 2156 Consuli
1227 2097 1355 2156 fizlu—

80 2180 173 2210 tem.
203 2168 468 2227 AEgyptum‚
497 2186 621 2228 quam
652 2171 759 2214 mihi
786 2171 990 2215 laudabas
1009 2205 1022 2227 ,
1056 2173 1250 2215 Serviane
1287 2191 1357 2217 ca-

81 2238 119 2297 νζ
148 2254 251 2293 zme,
272 2252 401 2281 totam
431 2240 585 2293 didici,
606 2243 757 2298 levem,
780 2247 1038 2301 pendulam,
1058 2239 1101 2287 δ’
1129 2246 1187 2287 ad
1213 2247 1358 2288 onmia

71 2308 207 2367 famae
237 2326 445 2356 momenta
472 2315 724 2358 volitantem.
758 2317 856 2372 Illi,
885 2315 957 2374 qui
976 2317 1153 2375 Serapim
1182 2320 1324 2361 colum·
1343 2351 1357 2372 ‚

82 2383 308 2447 Christiani
330 2384 468 2443 fiant,
493 2383 537 2431 δ’
563 2388 696 2431 devoti
712 2387 820 2447 fitne
854 2390 1027 2446 Serapi,
1051 2391 1121 2447 qui
1138 2388 1187 2446 fi:
1216 2389 1310 2432 Clzri
1342 2390 1358 2433 ἱ

83 2456 289 2517 episcopos
327 2458 486 2506 dicunt.
515 2461 651 2506 Nemo
681 2460 768 2506 illic
805 2460 1155 2523 archffjfnagog·tcs
1185 2461 1355 2507 Judaeo·
