1714 2807
311 166 399 212 172·
531 149 1400 200 FLAV11VOPISCI

302 249 349 295 in
372 248 520 312 Ulpiae.
547 250 838 298 bibliothecae
861 251 986 300 libris
1021 254 1187 318 relegi,
1209 257 1259 303 &
1288 273 1373 318 pro
1403 254 1604 318 majesta&

304 332 348 368 te
371 322 608 385 Apollonii
629 323 768 387 magis
787 324 970 372 credidi.
995 327 1107 387 quid
1132 326 1249 373 enim
1271 327 1352 375 illo
1379 328 1484 374 viro
1505 329 1602 375 san·

301 393 438 449 clius,
455 395 759 443 venerabilius
773 432 786 453 ,
809 396 1103 460 diviniusque
1119 389 1238 446 inter
1258 400 1468 447 homines
1485 400 1602 449 fuit?

302 466 380 514 ille
410 468 605 516 mortuis
625 469 821 517 reddidit
841 469 1008 529 vitam,
1029 471 1105 517 ille
1129 472 1270 518 multa
1299 474 1412 520 ultra
1444 474 1603 521 homi-

301 557 381 588 nes
411 544 461 590 &
493 542 601 589 fecit
635 544 684 591 &
716 542 857 590 dixit:
888 561 992 607 quae
1020 543 1098 607 qui
1135 545 1249 592 velit
1289 547 1439 605 nosse,
1470 549 1604 594 Grae-¹

301 631 385 662 cos
418 615 537 680 legat
565 617 733 674 libros,
756 616 835 679 qui
868 617 922 663 de
953 615 1048 679 ejus
1080 616 1176 663 vita
1207 618 1452 682 conscripti
1479 612 1600 667 sunt.

301 686 398 748 Ipse
436 701 614 746 autem,
642 687 672 733 si
703 688 797 734 vita
827 686 1057 750 suppetat,
1085 701 1217 750 atque
1256 689 1390 752 ipsius
1416 690 1504 746 viri
1535 691 1602 742 ffi-

301 759 411 805 vori
441 759 762 823 usquequaque
798 759 1043 822 placuerit,
1073 760 1276 808 breviter
1309 761 1457 809 saltem
1487 764 1602 811 tanti

301 834 392 880 viri
412 834 524 882 faEta
545 835 592 881 in
617 835 765 881 literas
786 833 986 881 mittam:
1007 851 1102 881 non
1127 852 1222 899 quo
1242 835 1360 882 illius
1380 836 1469 884 viri
1486 838 1602 900 gesta

299 921 490 952 munere
522 906 610 953 mei
644 905 864 953 sermonis
895 906 1154 970 indigeant,
1186 907 1260 953 sed
1295 919 1346 955 ut
1381 924 1461 967 ea,
1499 925 1602 971 quae

299 976 505 1024 miranda
531 979 658 1036 sunt,
685 979 895 1025 omnium
927 996 1048 1026 voce
1076 980 1393 1042 praedicentur.

381 1051 542 1100 XXV.
566 1052 764 1114 Recepta
785 1052 1007 1117 Thyana,
1022 1053 1349 1112 Antiochiam,
1368 1051 1602 1116 proposita

299 1125 515 1174 omnibus
542 1125 841 1189 impunitate,
877 1127 1008 1174 brevi
1045 1129 1162 1190 apud
1193 1129 1422 1190 Daphnen
1455 1141 1602 1175 certa-

298 1198 423 1246 mine
445 1200 668 1249 obtinuit:
690 1215 823 1267 atque
845 1202 950 1249 inde
970 1202 1234 1265 praeceptis,
1253 1215 1471 1267 quantum
1491 1218 1601 1265 pro-

298 1269 459 1330 batur,
484 1274 754 1331 venerabilis
779 1274 868 1321 viri
885 1274 1127 1337 Apollonii
1151 1292 1308 1337 parens
1325 1311 1339 1331 ,
1358 1275 1602 1321 humanior

297 1356 433 1408 atque
462 1347 732 1396 clementior
766 1348 867 1396 fuit.
901 1350 1149 1411 Pugnatum
1187 1348 1248 1394 est
1280 1348 1381 1410 post
1416 1348 1509 1395 haec
1544 1347 1599 1394 de

297 1416 469 1466 summa
496 1437 645 1468 rerum
668 1434 829 1470 contra
860 1423 1110 1469 Zenobiam
1139 1423 1187 1470 δι
1214 1423 1379 1468 Zabam
1405 1420 1499 1482 ejus
1527 1420 1599 1467 so-

298 1490 422 1538 cium
444 1494 562 1556 apud
580 1494 797 1541 Emessam
821 1511 986 1558 magno
1008 1490 1269 1543 certamine.
1294 1512 1487 1559 cumque
1506 1498 1598 1542 Au·

297 1565 460 1613 reliani
497 1569 672 1631 equites
704 1568 882 1632 >fatigati
925 1569 1011 1631 jam
1043 1587 1171 1632 paene
1206 1569 1510 1628 discederent,
1546 1586 1600 1617 ac

299 1650 423 1703 terga
445 1640 628 1702 darent,
650 1642 799 1690 subito
828 1642 878 1689 vi
908 1642 1136 1701 numinis,
1166 1643 1295 1706 quod
1317 1642 1468 1706 postea
1490 1658 1601 1705 pro-

297 1711 442 1760 ditum
457 1748 471 1771 ,
499 1715 712 1763 hortante
737 1715 925 1778 quadam
955 1715 1112 1761 divina
1134 1714 1280 1761 forma
1295 1749 1309 1771 ,
1329 1731 1407 1777 per
1429 1715 1600 1777 pedites

295 1784 430 1833 etiam
450 1787 623 1851 equites
643 1787 832 1835 restituti
857 1788 972 1836 sunt.
995 1791 1160 1852 Fugata
1180 1788 1241 1835 est
1262 1788 1467 1834 Zenobia
1494 1805 1598 1836 cum

298 1861 446 1919 Zaba,
471 1864 522 1910 &
549 1863 796 1925 plenissime
833 1876 957 1926 parta
993 1863 1196 1912 vifloria.
1224 1865 1429 1926 Recepto
1460 1863 1599 1927 igitur

299 1935 503 1983 Orientis
534 1937 672 1996 flatu,
699 1938 916 1985 Emessam
954 1937 1102 1983 vissor
1130 1937 1397 1983 Aurelianus
1428 1936 1598 2000 ingres-

297 2009 367 2056 sus
387 2009 470 2069 est,
495 2027 547 2058 ac
575 2011 715 2058 statim
741 2013 796 2057 ad
821 2010 1045 2073 templum
1077 2008 1360 2074 Heliogabali
1379 2009 1596 2070 tetendit,

296 2081 422 2144 quasi
447 2081 683 2129 communi
707 2082 868 2129 officio
900 2095 1010 2128 vota
1037 2081 1277 2127 soluturus.
1303 2082 1473 2125 Verum
1500 2079 1597 2126 illic

295 2169 395 2201 eam
423 2151 617 2201 formam
646 2155 848 2201 numinis
882 2154 1078 2215 reperit,
1118 2171 1248 2217 quarn
1281 2152 1326 2199 in
1359 2152 1482 2200 bello
1513 2152 1595 2200 fibi

294 2225 525 2275 faventem
549 2227 679 2277 vidit.
707 2243 844 2290 quare
870 2228 917 2274 ὅ(
941 2227 1031 2273 illic
1057 2227 1223 2288 templa
1243 2224 1455 2272 fundavit
1471 2260 1486 2282 ,
1507 2225 1595 2271 do-

296 2299 431 2347 nariis
462 2299 719 2364 ingentibus
750 2299 930 2362 positis:
963 2301 1012 2347 &
1046 2301 1207 2345 Romae
1239 2298 1336 2344 Soli
1375 2297 1593 2359 templum

295 2371 476 2434 posuit,
499 2370 669 2434 majore
695 2370 1050 2427 honorificentia
1069 2365 1380 2422 consecra'tum
1396 2404 1410 2430 ,
1431 2381 1481 2416 ut
1511 2369 1592 2415 suo

294 2444 496 2496 dicemus
514 2446 648 2497 loco.-
