1714 2807
692 20 697 49 1

286 176 342 219 14
534 160 1301 209 JuL11CAP1TOL1N1

280 281 378 323 ret,
412 264 518 313 alios
555 265 783 330 Scythicis
824 269 1044 315 vehiculis
1074 270 1335 327 exhiberet,
1367 269 1481 319 alios
1513 271 1560 318 in

280 340 481 388 custodia
516 341 760 397 detineret,
789 341 903 387 nihil
935 342 1126 405 denique
1168 343 1559 404 praetermitteret,

280 414 406 476 quod
425 413 478 459 ad
497 412 805 460 crudelitatem
821 413 1049 460 videretur
1064 415 1262 476 operari:
1282 429 1440 463 contra
1460 434 1561 463 eum

282 486 578 533 defeffionem
599 498 817 547 pararunt.
834 488 930 533 Nec
950 486 1089 533 solum
1106 488 1323 545 Romani,
1340 489 1409 535 sed
1424 525 1440 546 ‚
1459 489 1560 551 quia

283 564 333 609 &
355 562 401 608 in
425 561 584 609 milites
608 560 834 618 saeviebat,
850 562 1072 608 exercitus
1087 597 1100 619 ,
1115 562 1191 624 qui
1215 562 1260 608 in
1281 562 1431 610 Africa
1451 577 1562 619 erat,

283 636 423 683 subita
451 637 498 683 ὅ(
531 634 701 697 ingenti
728 634 946 682 seditione
977 634 1260 682 Gordianum
1292 636 1465 693 senem,
1494 637 1562 683 vi-

283 725 383 755 rum
419 702 744 770 graviffimu'm,
773 705 850 769 qui
885 719 975 752 erat
1018 706 1290 763 proconsul,
1323 710 1565 770 Imperato-

284 796 377 826 rem
396 779 619 826 fecerunt:
638 778 764 838 cujus
781 779 984 825 faffionis
1005 778 1076 825 hic
1095 779 1214 825 ordo
1234 779 1335 828 fuit.

350 855 472 901 X1V.
496 855 599 899 Erat
627 850 719 899 fisci
748 867 1012 914 procurator
1042 852 1087 897 in
1109 852 1279 916 Libya,
1301 853 1376 916 qui
1408 869 1564 901 omnes

283 927 523 975 Maximini
562 926 709 972 studio
746 926 1041 988 spoliaverat:
1078 926 1151 972 hic
1192 943 1269 989 per
1305 927 1566 976 rusticanam

287 1000 490 1063 plebem,
514 999 673 1045 deinde
696 999 745 1046 δε
770 999 980 1060 quosdam
1008 998 1168 1045 milites
1191 999 1452 1048 interemtus
1479 1001 1568 1060 est,

289 1090 370 1135 per
397 1089 498 1130 eos,
527 1072 604 1134 qui
627 1071 888 1118 rationalem
911 1071 957 1117 in
983 1071 1204 1118 honorem
1228 1073 1469 1120 Maximini
1495 1074 1569 1121 de*

287 1145 544 1192 fendebant.
571 1145 654 1191 Sed
684 1161 784 1192 cum
819 1144 1023 1191 viderent
1047 1145 1248 1192 auctores
1282 1145 1414 1193 caedis
1449 1144 1571 1204 ejus,

289 1218 539 1267 acrioribus
571 1218 775 1264 remediis
808 1217 886 1264 fibi
925 1218 1278 1265 subveniendum
1311 1219 1424 1278 effe,
1450 1220 1569 1266 Gor-

291 1292 471 1339 dianum
496 1291 844 1349 proconsulem,
870 1292 1043 1350 virum,
1070 1308 1118 1339 ut
1141 1292 1359 1350 diximus,
1385 1310 1573 1340 venera·

291 1365 426 1412 bilem
451 1401 466 1422 ,
501 1379 607 1411 natu
643 1365 959 1428 grandiorem,
997 1365 1123 1411 omni
1159 1365 1376 1412 virtutum
1412 1383 1572 1430 genere

293 1439 529 1486 florentem
547 1475 559 1496 ,
577 1440 632 1486 ab
649 1439 909 1485 Alexandro
926 1457 977 1485 ex
995 1439 1377 1486 senatusconsulto
1395 1440 1439 1485 in
1458 1440 1574 1486 Afri-

294 1528 390 1558 cam
422 1511 622 1569 missum,
642 1512 954 1558 reclamantem
983 1512 1032 1558 &
1062 1511 1104 1558 se
1124 1524 1252 1558 terrae
1282 1512 1571 1574 affligentem,

295 1596 502 1645 opertum
524 1600 718 1645 purpura
732 1583 947 1645 imperare
963 1597 1221 1647 coegerunt,
1245 1584 1454 1632 instantes
1474 1602 1575 1631 cum

296 1657 484 1719 gladiis,
525 1659 572 1704 &
615 1674 714 1704 cum
749 1656 874 1703 omni
912 1673 1073 1720 genere
1099 1657 1306 1704 telorum.
1337 1659 1392 1705 Et
1428 1658 1576 1720 primo

298 1729 478 1792 quidem
495 1730 661 1776 invitus
679 1729 935 1776 Gordianus
958 1745 1196 1792 purpuram
1213 1728 1422 1776 sumserat
1435 1748 1446 1777 :
1458 1730 1575 1793 post·

298 1819 350 1850 ea
375 1820 515 1861 vero,
538 1820 639 1852 cum
656 1803 771 1850 vidit
798 1820 943 1866 neque
975 1802 1097 1861 filio,
1119 1820 1262 1866 neque
1292 1803 1466 1850 familiae
1491 1803 1578 1850 suae

299 1887 447 1922 tutum
483 1875 530 1921 id
559 1874 670 1932 effe,
700 1876 862 1922 volens
899 1874 1088 1937 suscepit
1124 1874 1358 1937 imperium
1377 1910 1390 1931 ,
1419 1876 1470 1922 &
1499 1892 1577 1938 ap-

300 1950 488 2013 pellatus
508 1949 562 1996 ab
595 1949 806 1997 omnibus
829 1949 949 1997 Afris
970 1950 1189 2013 Augustus
1214 1967 1315 1996 cum
1341 1949 1438 1998 filio
1463 1952 1578 2013 apud

300 2023 520 2085 oppidum
547 2022 804 2085 Tysdrum,
831 2023 934 2068 inde
969 2022 1283 2084 Carthaginem
1322 2024 1449 2070 venit
1478 2040 1578 2070 cum

302 2111 469 2158 pompa
491 2094 653 2158 regali,
683 2098 730 2142 &
750 2095 1101 2157 proteffloribus,
1121 2097 1167 2141 &
1192 2094 1380 2142 fascibus
1407 2096 1578 2143 laurea-

303 2169 360 2216 tis
377 2205 391 2226 ,
417 2169 533 2214 unde
553 2170 742 2215 Romam
774 2168 826 2213 ad
860 2170 1065 2213 Senatum
1102 2165 1249 2214 literas
1284 2167 1399 2214 misit
1416 2203 1430 2224 ,
1452 2184 1579 2230 quae,

305 2241 456 2289 occiso
478 2240 737 2297 Valeriano,
771 2241 883 2287 duce
901 2240 1089 2286 militum
1108 2239 1484 2300 praetorianorum
1501 2274 1514 2294 ‚
1534 2241 1581 2285 in

306 2315 462 2361 odium
490 2313 723 2360 Maximini
753 2325 976 2379 gratanter
1003 2326 1197 2373 acceptae
1226 2312 1338 2359 sunt.
1374 2312 1581 2374 appellati

308 2387 440 2434 etiam
464 2387 721 2436 Gordianus
741 2387 872 2436 senex
899 2388 947 2436 ὅ(
975 2386 1232 2435 Gordianus
1257 2385 1434 2448 juvenis
1462 2402 1484 2434 a
1505 2386 1580 2432 Se-

309 2472 416 2507 natu
447 2459 646 2524 Augusti.
