1637 2785
364 180 1004 228 HADRIANUS.
1297 197 1342 243 ς-

40 289 218 339 tonicus
247 286 370 334 libris
399 285 487 332 suis
509 285 686 333 indidit„
719 287 932 350 Denique
960 288 1132 348 statim,
1165 290 1319 338 suffra-

40 376 170 427 gante
187 363 320 418 Sura,
338 359 393 406 ad
416 359 658 406 amicitiam
679 359 862 421 Traiani
889 362 1137 424 pleniorem
1159 366 1319 416 rediit,

39 449 171 497 nepte
200 450 277 495 per
300 433 500 479 sororem
524 432 706 494 Traiani
737 449 883 480 uxore
905 447 1112 496 accepta3
1136 435 1340 485 favente*

38 507 212 555 Plotina
230 543 243 563 ‚
272 505 471 567 Trajano
499 506 662 555 leviter
690 505 769 570 (ut
801 508 970 556 Marius
1000 509 1224 557 Maximus
1247 513 1318 558 di-

40 581 141 645 xit)
173 580 372 627 volente.

102 649 171 693 111.
200 645 478 705 Quaesturam
512 646 635 709 geffit
666 646 862 707 Traiano
895 659 1053 710 quater
1073 650 1120 696 &
1143 649 1319 696 Articu-

38 716 128 778 lejo
166 717 439 764 Consulibus
462 735 473 764 :
508 719 554 764 in
580 735 666 781 qua
689 736 789 766 cum
805 755 818 776 ‚
839 720 1092 766 orationem
1128 723 1321 784 Impera-

38 789 147 836 toris
177 789 222 835 in
251 789 412 836 Senatu
435 790 642 852 agrestius
675 792 971 854 pronuntians
991 829 1004 851 ,
1037 793 1144 840 risus
1180 794 1282 840 effet
1303 830 1321 851 ‚

37 861 174 924 usque
197 863 252 909 ad
282 862 493 909 summam
534 863 732 926 peritiam
771 868 821 913 δε
857 865 1111 912 facundiam
1152 867 1320 913 Latinis

37 949 220 994 operam
255 934 388 980 dedit.
414 934 518 981 Post
543 937 808 998 quaesturam
848 939 939 984 aeta
971 939 1157 984 Senatus
1191 955 1320 985 cura-

39 1007 129 1063 vit,
155 1019 284 1069 atque
309 1008 362 1053 ad
393 1007 556 1054 bellum
592 1010 816 1057 Dacicum
854 1009 1100 1073 Traianum
1131 1011 1322 1057 familia-

38 1081 129 1128 rius
153 1082 414 1142 prosecutus
441 1082 527 1128 est:
550 1085 734 1146 quando
764 1084 943 1148 quidem
966 1086 1016 1133 &
1032 1084 1234 1149 indulstffi
1253 1089 1320 1132 νὶ-

37 1171 92 1199 120
108 1154 158 1213 se}
187 1153 324 1209 dicit,
349 1154 532 1213 Trajam‘
558 1160 741 1202 moribus
771 1159 1044 1218 obsequentem
1064 1177 1084 1214 ;
1113 1173 1232 1218 atque
1267 1163 1318 1205 οἷ’

36 1229 166 1289 hocs&
188 1249 214 1274 a
240 1229 433 1286 Trajano
464 1229 762 1292 locupletzfffime
785 1247 1055 1277 muneratum.
1088 1232 1318 1280 Tribunus

38 1302 179 1364 plebis
201 1300 338 1349 factus
360 1301 420 1348 est
439 1302 649 1349 Candido
674 1304 723 1349 &
743 1303 981 1362 Quadrato
1002 1302 1163 1350 iterum
1190 1305 1324 1351 Con-

38 1375 217 1424 sulibuS.
245 1375 291 1421 in
320 1392 416 1438 quo
445 1375 729 1438 magistratu,
752 1377 806 1422 ad
839 1389 1099 1438 perpetuam
1129 1377 1323 1424 tribuni-

39 1448 153 1495 ciam
177 1448 439 1510 potestatem
460 1465 596 1495 omen
619 1447 698 1495 fibi
717 1448 878 1496 faGum
910 1448 1079 1505 asserit,
1097 1450 1223 1512 quod
1245 1466 1323 1511 pe-

39 1525 162 1570 nulas
177 1522 369 1570 amiserit
382 1558 395 1580 ,
416 1523 579 1586 quibus
596 1523 660 1568 uti
677 1522 845 1569 tribuni
871 1522 1010 1583 plebis
1025 1522 1192 1584 pluviae
1212 1536 1323 1569 tem-

39 1613 150 1660 pore
178 1595 381 1644 solebant
397 1631 412 1653 ,
437 1599 732 1658 Imperatores
756 1607 901 1641 autem
933 1611 1178 1658 nunquam.
1203 1597 1322 1642 unde

38 1670 266 1733 hodieque
293 1661 587 1732 Imperai‘bres
617 1670 706 1716 fine
727 1668 900 1732 penulis
922 1685 945 1715 a
975 1668 1140 1732 togatis
1163 1669 1324 1716 viden-

38 1758 123 1792 tur.
146 1741 347 1790 Secunda
365 1742 658 1804 expeditione
676 1741 849 1789 Dacica
867 1739 1086 1800 Traianus
1111 1758 1211 1788 eum
1233 1742 1324 1802 pri-

40 1834 126 1864 mae
143 1815 312 1879 legioni
342 1815 583 1862 Minerviae
619 1815 889 1878 praeposuit,
911 1814 1147 1877 secumque
1170 1816 1323 1863 duxit:

39 1889 223 1952 quando
246 1888 428 1950 quidem
451 1890 590 1935 multa
607 1889 779 1952 egregia
799 1886 892 1949 ejus
919 1887 1025 1933 fa&a
1054 1887 1326 1936 claruerunt.

42 1977 180 2025 quare
207 1962 440 2008 adamante
473 1978 672 2024 gemma,
703 1977 836 2023 quam
867 1959 1090 2020 Traianus
1117 1977 1140 2006 a
1171 1961 1326 2007 Nerva

40 2046 295 2098 acceperat,
313 2035 531 2091 donatus,
547 2035 601 2081 ad
622 2034 741 2097 spem
762 2033 1043 2081 succeffionis
1065 2034 1231 2080 erectus
1251 2034 1327 2083 est.

41 2112 215 2157 Praetor
236 2109 372 2157 factus
399 2110 460 2157 est
488 2110 565 2156 sub
591 2112 768 2171 Sur-ano
796 2109 893 2165 bis,
914 2109 1134 2155 Serviano
1164 2109 1328 2155 iterum

39 2181 340 2238 Consulibus;
378 2199 478 2229 cum
510 2181 752 2229 sestertium
783 2181 922 2228 vicies
940 2181 993 2227 ad
1025 2181 1156 2228 iudos
1187 2180 1326 2226 eden·

43 2254 127 2300 dos
154 2270 176 2300 a
200 2252 399 2315 Traiano
419 2254 608 2316 accepit.
628 2256 814 2316 Legatus
837 2252 990 2316 postea
1016 2241 1256 2314 praetorius
1278 2253 1326 2298 in

42 2326 322 2372 Pannoniam
356 2325 616 2373 inferiorem
651 2326 829 2384 missus,
850 2328 1069 2372 Sarmatas
1095 2324 1327 2386 compres-

44 2399 123 2459 fit,
150 2400 428 2462 disciplinam
456 2400 690 2448 militarem
717 2400 892 2457 tenuit,
922 2412 1238 2462 procuratores
1262 2398 1328 2445 la-

48 2472 135 2520 tius
166 2486 403 2538 evagantes
433 2474 635 2521 coercuit
657 2491 669 2521 z
695 2475 756 2522 ob
777 2475 868 2522 hoc
893 2472 1065 2520 Consul
1095 2471 1153 2518 est
1172 2471 1327 2519 fabius„

973 2546 1011 2589 Α
1051 2562 1070 2606 3
