1637 2785
263 145 1144 199 GORDIANITRES.
1297 159 1353 209 33

64 258 364 309 'acclamatum
383 256 444 305 est
463 294 475 313 ‚
499 259 622 302 Novo
650 255 843 315 Scipioni
859 291 870 308 ,
892 274 983 301 vero
1008 255 1226 315 Scipioni,
1249 254 1360 300 Gor-

70 336 204 380 diano
235 332 493 390 Proconsuli.
526 330 623 374 haec
652 330 700 374 &
724 327 808 372 alia
839 326 1095 394 frequenter
1125 326 1313 374 audivit.

137 407 215 451 Vl.
238 406 292 449 Et
316 415 410 449 erat
438 401 617 465 quidem
638 399 922 464 longitudine
948 400 1180 458 Romana,
1199 400 1364 451 canitie

72 479 263 534 decora,
280 477 329 523 &
353 473 557 538 pompali
578 473 708 520 vultu
728 509 741 528 ,
772 474 906 519 ruber
936 473 1074 536 magis
1101 490 1234 536 quam
1260 492 1367 523 can-

73 554 231 608 didus,
255 550 367 599 fecie
397 551 510 597 bene
532 550 644 607 lata,
676 547 822 595 oculis
839 583 852 605 ‚
880 562 991 606 ore,
1018 547 1170 595 fronte
1197 566 1367 597 veren-

74 626 170 673 dus,
209 625 437 686 Corporis
473 623 686 686 qualitate
721 620 1024 667 subcraffulus.
1061 621 1267 669 Moribus
1305 623 1366 672 ita

73 699 360 755 moderatus,
378 711 429 745 ut
452 698 560 744 nihil
583 695 718 759 poffis
738 696 885 742 dicere
903 731 916 752 ‚
935 696 1061 756 quod
1083 695 1158 743 ille
1187 710 1262 743 aut
1284 714 1367 745 cu-

74 759 210 836 pide,
245 785 320 818 aut
361 770 653 825 immodeste,
679 781 752 816 aut
785 768 920 815 nimie
958 767 1130 816 fecerit.
1168 769 1368 822 AffeCms

76 846 180 894 suos
209 845 339 893 unice
375 844 562 892 dilexit:
595 842 740 891 filium
777 846 826 891 &
863 857 1077 907 nepotem
1109 844 1225 892 ultra
1263 863 1369 894 mo-

76 936 200 978 rem,
228 918 363 966 filiam
386 921 434 968 δε
464 932 640 982 neptem
665 917 884 982 religiose.
909 919 1082 966 Socero
1111 919 1191 966 suo
1213 921 1368 970 Annio

77 995 249 1042 Severo
280 1006 455 1040 tantum
490 993 672 1048 detulit,
701 1006 750 1039 ut
791 992 835 1038 in
869 990 1083 1039 familiam
1122 991 1215 1054 ejus
1245 995 1369 1058 quafi

79 1066 225 1114 filium
254 1066 454 1128 migrasse
491 1065 531 1112 se
563 1066 763 1112 crederet
786 1100 798 1122 ‚
831 1076 879 1110 ut
912 1082 1142 1129 nunquam
1171 1084 1273 1114 cum
1309 1085 1369 1118 eo

79 1139 272 1194 laverit,
302 1154 529 1200 nunquam
560 1138 640 1184 illo
669 1136 884 1199 praesente
909 1136 1083 1184 sederit.
1102 1142 1221 1185 Ante
1246 1141 1371 1188 Prae-

81 1225 226 1261 turam
247 1212 420 1258 Consul
442 1229 544 1259 cum
575 1211 680 1258 effet
698 1246 708 1265 ‚
729 1224 807 1257 aut
837 1210 883 1257 in
906 1211 1047 1257 domo
1069 1211 1163 1273 ejus
1197 1215 1369 1280 semper

80 1287 274 1344 manffl,
309 1299 385 1333 aut
415 1286 444 1333 fi
478 1286 523 1332 in
548 1285 822 1347 Pompeiana
857 1286 1026 1345 domo,
1051 1289 1104 1334 ad
1138 1288 1260 1338 illum
1294 1292 1371 1340 vel

82 1375 244 1415 mane,
277 1358 352 1405 vel
382 1357 478 1405 sero
500 1357 724 1419 proceffit.
751 1357 859 1404 Vini
891 1375 1071 1420 parcus,
1098 1359 1186 1407 cibi
1206 1364 1368 1424 parcis·

81 1432 243 1489 fimus,
271 1430 430 1478 vestitu
458 1430 625 1476 nitidus
648 1466 660 1488 ‚
693 1430 868 1476 lavandi
901 1432 1088 1493 cupidus
1109 1468 1123 1491 ,
1153 1433 1212 1480 ita
1242 1449 1290 1481 ut
1320 1440 1372 1488 δε

83 1521 268 1569 quater,
289 1506 338 1551 &
367 1502 606 1566 quinquies
630 1504 674 1548 in
702 1503 773 1551 die
803 1504 970 1550 levaret
994 1504 1167 1564 aestate‚
1198 1506 1243 1553 in
1273 1509 1371 1558 hie-

84 1597 157 1627 me
175 1579 253 1626 bis.
275 1577 433 1624 Somni
462 1577 669 1637 plurimi,
695 1576 754 1623 ita
775 1591 824 1623 ut
848 1578 892 1624 in
921 1578 1182 1637 uincimus,
1201 1581 1229 1626 fi
1250 1582 1372 1633 forte

32 1662 35 1664 ’
83 1652 204 1713 apud
230 1651 400 1697 amicos
429 1650 577 1695 ederet
598 1685 610 1705 ,
640 1649 769 1695 etiam
795 1650 882 1696 fine
912 1653 1084 1712 pudore
1120 1654 1370 1706 dormiret:

86 1725 214 1788 quod
235 1723 471 1770 videbatur
494 1721 640 1769 facere
666 1739 743 1784 per
768 1736 971 1770 naturam
986 1759 1000 1782 ,
1020 1741 1114 1772 non
1132 1743 1211 1790 per
1230 1730 1373 1778 ebrie·

87 1811 222 1846 tatem
253 1809 385 1859 atque
412 1796 654 1843 luxuriam.

155 1871 253 1916 VII.
285 1869 370 1915 Sed
408 1869 517 1914 boni
556 1885 703 1916 mores
736 1869 850 1916 nihil
889 1871 929 1918 ei
964 1871 1251 1934 profuerunt.
1285 1877 1374 1928 Hic

89 1943 209 1992 enim
245 1944 336 1990 vita
367 1943 661 2000 venerabilis,
693 1961 795 1992 cum
826 1946 1011 1993 Platone
1037 1947 1240 2010 semper,
1271 1969 1375 2001 cum

91 2018 362 2077 Aristotele,
394 2034 494 2064 cum
529 2017 716 2077 Tullio,
746 2036 848 2066 cum
878 2020 1100 2085 Virgilio,
1128 2024 1378 2088 ceterisque

93 2090 325 2138 veteribus
350 2106 510 2155 agens,
537 2090 704 2148 alium,
733 2108 867 2154 quam
898 2095 1174 2151 merebatur,
1204 2097 1379 2144 exitum

92 2163 236 2226 paffus
256 2160 332 2208 est.
353 2178 452 2207 nam
466 2178 569 2209 cum
592 2163 870 2224 temporibus
889 2163 1155 2223 Maximini,
1180 2167 1380 2216 hominis

93 2235 203 2283 saevi
233 2246 365 2295 atque
393 2234 658 2289 truculenti,
686 2235 933 2282 Proconsul
955 2234 1148 2283 Africam
1177 2253 1380 2303 regeret,

95 2307 226 2371 eique
257 2306 425 2369 legatus
458 2303 577 2363 filius
614 2307 718 2353 effet
752 2326 776 2353 a
807 2310 971 2354 Senatu
1004 2308 1159 2366 datus,
1187 2328 1383 2375 cumque

95 2381 279 2445 quidam
310 2378 538 2426 rationalis
565 2380 711 2428 acrius
739 2395 900 2429 contra
925 2382 1145 2444 plurimos
1166 2384 1381 2435 Afrorum

100 2452 302 2513 saeviret,
331 2469 464 2516 quam
494 2454 767 2502 Maximinus
789 2455 882 2519 ipse
912 2467 1163 2518 pateretur,
1185 2457 1382 2521 proscri-

996 2529 1037 2576 C
1073 2548 1098 2578 2
