1637 2785
315 153 1118 202 GALLIENIDUO.
1298 171 1358 223 95

76 257 199 306 fuiss‘e
236 258 414 306 dicunt:
451 258 577 321 quod
612 258 850 305 verisimile
889 276 982 306 non
1022 260 1097 307 est.
1134 260 1361 324 Siquidem

72 345 207 392 capto
234 330 320 390 jam
345 331 614 389 Valeriano,
639 330 847 392 scriptum
867 331 1127 379 invenimus
1147 333 1192 378 in
1213 333 1359 392 fastis,

78 408 306 451 Valeriano
336 408 578 471 Imperatore
614 405 805 466 Consule.
835 404 934 466 quis
968 405 1104 467 igitur
1132 406 1239 453 alius
1273 424 1358 470 po·-

71 481 157 523 tuit
184 477 266 524 effe
304 478 592 532 Valerianus,
627 477 707 524 nifi
747 477 941 524 Gallieni
977 478 1145 525 frater?
1174 482 1359 529 Constat

71 552 127 596 de
159 567 346 614 genere:
374 566 467 597 non
501 550 600 597 satis
634 563 783 597 tamen
817 552 991 603 constat
1027 552 1081 596 de
1115 553 1357 615 dignitate,

70 622 174 679 vel,
197 634 245 668 ut
271 634 510 685 coeperunt
533 622 606 668 alii
627 623 780 686 loqui,
801 623 854 668 de
877 622 1115 683 majestate.

135 696 240 741 XV.
265 695 430 743 Occiso
459 694 594 758 igitur
613 696 824 743 Gallieno
843 731 857 754 ‚
888 694 1047 743 seditio
1067 696 1221 758 ingens
1239 695 1358 743 mili-

68 781 164 816 tum
195 770 306 827 fuit,
336 787 436 818 cum
474 770 545 832 spe
574 770 735 831 praedae
766 786 815 816 ac
848 769 1038 831 publicae
1069 769 1354 828 vastationis,

67 844 389 905 Imperatorem
417 844 498 890 fibi
521 844 673 891 utilem
690 880 701 897 ,
733 842 1020 890 necessarium
1037 879 1048 899 ‚
1074 842 1266 898 fortem,
1290 844 1355 890 es-

68 915 281 975 ficacem,
311 918 364 963 ad
391 916 608 963 invidiam
639 915 887 964 faciendam
905 952 918 976 ,
943 917 1141 963 dicerent
1164 930 1355 979 raptum.

70 989 225 1047 Quare
256 988 490 1036 consilium
516 989 778 1050 Principum
819 989 931 1046 fuit⁷
960 1004 1010 1035 ut
1045 989 1204 1035 mili-tes
1230 988 1353 1050 ejus,

68 1076 167 1122 quo
186 1061 331 1108 solent
354 1061 515 1122 placari
533 1077 719 1124 genere,
744 1061 1010 1109 sedarentur.
1029 1061 1253 1108 Promissis
1273 1062 1356 1108 ita·

66 1148 156 1193 que
187 1150 266 1196 per
305 1133 574 1180 Martianum
614 1134 756 1180 aureis
798 1128 1008 1191 vicenis,
1045 1136 1095 1181 &
1134 1135 1352 1197 acceptis,

65 1204 193 1267 (nam
214 1205 374 1265 praesto
386 1218 478 1251 erat
496 1204 804 1251 thesaurorum
824 1204 983 1269 copia)
1006 1206 1260 1252 Gallienum
1283 1224 1353 1269 ty-

67 1294 245 1323 manum
285 1275 465 1322 militari
494 1276 667 1337 judicio
702 1277 748 1322 in
779 1277 913 1324 fastos
951 1277 1160 1340 publicos
1193 1276 1353 1327 ret'uleae

65 1361 185 1397 runt.
209 1349 281 1396 Sic
302 1349 518 1396 militibus
544 1349 700 1396 sedatis
716 1386 726 1404 ῃ
756 1349 996 1406 Claudius,
1028 1349 1097 1395 vir
1115 1350 1283 1397 {anellis
1303 1369 1354 1399 ac

62 1419 160 1483 jtre
185 1421 484 1480 venerabilis,
513 1423 561 1468 &
593 1421 726 1467 bonis
758 1421 969 1467 omnibus
1004 1437 1157 1477 carus,
1183 1421 1351 1470 amicus

63 1492 251 1554 pafflae,
281 1493 450 1540 amicus
482 1493 677 1556 legibus,
701 1506 914 1555 acceptus
941 1492 1146 1550 Senatui,
1175 1493 1353 1556 populo

63 1566 178 1613 bene
205 1565 436 1626 cognitus,
460 1564 635 1624 accepit
662 1563 914 1625 imperium.

126 1639 250 1684 XV1.
268 1637 378 1682 Haec
403 1638 495 1681 vita
517 1635 715 1681 Gallieni
739 1634 837 1692 fuit,
862 1633 1061 1681 breviter
1077 1651 1098 1680 a
1119 1651 1189 1681 me
1209 1634 1349 1700 literis

62 1710 265 1757 intimata
280 1744 294 1765 ‚
316 1708 396 1771 qui
423 1723 549 1754 natus
574 1707 804 1754 abdomini
825 1709 874 1754 &
897 1707 1207 1770 voluptatibus
1222 1744 1235 1766 ‚
1257 1708 1349 1758 dies

63 1803 114 1833 ac
149 1785 302 1831 no&es
342 1783 458 1829 vino
490 1785 539 1830 δι
572 1783 732 1845 stupris
764 1782 984 1843 perdidit,
1015 1784 1172 1830 orbem
1208 1797 1348 1831 terra-

61 1875 160 1904 rum
197 1856 377 1919 triginta
416 1873 558 1918 prope
592 1856 799 1919 tyrannis
836 1855 1000 1902 vastari
1033 1855 1169 1913 fecit;
1200 1857 1264 1903 ita
1298 1869 1348 1904 ut

60 1932 191 1978 etiam
218 1931 425 1977 mulieres
454 1930 534 1976 illo
572 1930 728 1976 melius
765 1930 1045 1992 imperarent.
1070 1933 1138 1977 Ac
1170 1947 1225 1977 ne
1254 1929 1348 1993 ejus

60 2015 348 2067 praetereatur
370 2003 613 2049 miseranda
645 2002 864 2057 sollertia,
886 2003 1006 2048 veris
1035 2017 1242 2066 tempore
1269 2021 1343 2051 cu-

29 2077 33 2090 ²
59 2077 208 2125 bicula
238 2078 291 2123 ‹le
320 2076 425 2123 rosis
456 2076 574 2124 fecit.
604 2077 657 2122 de
689 2076 836 2137 pomis
866 2075 1037 2124 castella
1071 2077 1342 2138 composuit.

58 2165 173 2195 uvas
199 2148 398 2194 triennio
430 2148 639 2195 servavit·.
663 2149 808 2194 hieme
830 2149 1022 2205 summa,
1048 2149 1248 2195 melones
1268 2166 1344 2196 ex·

56 2220 218 2268 hibuit.
246 2220 436 2269 mustum
475 2221 847 2284 quemadmodum
885 2213 987 2267 toto
1009 2238 1130 2267 anno
1162 2222 1344 2268 habere-

57 2306 156 2349 tur,
190 2292 357 2341 doc'uit.
391 2291 505 2340 ficos
541 2293 737 2350 virides,
767 2295 818 2340 ὃς
850 2309 984 2355 poma
1024 2309 1077 2339 ex
1107 2293 1344 2341 arboribus

57 2367 277 2425 recentia,
299 2367 468 2429 semper
495 2365 649 2414 alienis
675 2367 898 2413 mensibus
925 2365 1126 2428 praebuit.
1153 2367 1342 2413 mantili·

58 2439 142 2487 bus
170 2439 312 2488 aureis
336 2439 506 2503 semper
536 2438 707 2490 stravit.
732 2452 952 2505 gemmata
979 2437 1080 2487 vasa
1106 2438 1240 2497 fecit,
1267 2454 1343 2486 ea-
