1637 2785
182 150 607 202 COMMODUS
646 147 1101 197 ANTONINUS.
1233 163 1312 194 111

39 259 140 322 ipsis
167 258 334 306 balneis
363 258 531 304 edebat.
554 257 761 302 Deorum
785 256 949 317 templa
980 254 1146 318 polluit
1167 254 1325 317 stupris

40 333 90 379 &
117 333 313 377 humano
339 330 564 393 sanguine.
590 330 788 376 Imitatus
823 329 884 376 est
912 331 960 376 &
990 329 1214 375 medicum
1234 365 1247 386 ‚
1277 343 1327 376 ut

39 403 293 466 sanguinem
326 401 587 448 hominibus
619 402 840 448 emitteret
877 401 1056 462 scalpris
1097 401 1324 449 feralibus.

40 476 214 523 Menses
234 492 416 540 quoque
438 476 483 522 in
511 477 733 521 honorem
757 473 849 535 ejus
869 490 953 537 pro
976 474 1176 536 Augusto
1201 477 1327 520 Com-

40 551 207 596 modum
228 583 243 606 ,
275 564 359 609 pro
378 546 628 610 Septembri
656 549 873 593 Herculem
891 581 906 602 ,
928 560 1011 607 pro
1033 546 1226 591 Ouobri
1248 549 1327 591 In-

40 622 212 677 viflum,
242 634 328 682 pro
358 618 614 665 Novembri
650 619 1026 678 E.xsuperatorium
1047 652 1061 675 ‚
1097 632 1183 679 pro
1227 617 1329 662 De-

41 692 209 741 cembri
230 694 518 755 Amazonium
535 727 548 749 ‚
576 708 631 738 ex
660 691 785 754 signo
806 690 941 753 ipsius
967 689 1222 737 adulatores
1245 706 1327 737 vo-

39 766 211 815 cabant.
253 768 518 827 Amazonius
561 778 704 811 autem
758 777 949 812 vocatus
983 762 1044 810 est
1079 779 1134 810 ex
1174 779 1327 809 amore

42 838 310 886 concubinae
339 837 423 885 suae
455 837 670 895 Marciae,
701 854 833 900 quam
867 837 1027 900 pissam
1053 836 1101 883 in
1133 838 1330 883 Amazo-

42 928 98 959 ne
127 912 366 974 diligebat:
389 922 573 973 propter
593 926 723 973 quam
753 911 801 956 &
828 907 917 972 ipse
941 907 1224 955 Amazonico
1251 907 1329 952 ha-

44 984 138 1031 bitu
173 984 218 1029 in
251 1000 428 1030 arenam
463 984 715 1029 Romanam
743 981 989 1044 procedere
1014 979 1184 1028 voluit.
1221 979 1330 1026 Gla-

43 1055 266 1101 diatorum
296 1053 427 1100 etiam
456 1068 678 1100 certamen
700 1053 831 1099 subiit
847 1088 860 1109 ‚
888 1053 936 1100 &
960 1052 1144 1100 nomina
1166 1052 1330 1116 gladia·

43 1141 194 1176 torum
232 1128 397 1190 recepit
434 1144 491 1174 eo
521 1126 718 1191 gaudio,
749 1127 871 1190 quasi
909 1126 1134 1191 acciperet
1167 1126 1330 1173 trium-

43 1203 203 1266 phalia.
231 1202 403 1248 Ludum
426 1201 596 1263 semper
615 1199 829 1264 ingressus
848 1198 936 1247 est:
963 1201 1039 1256 &‚
1061 1198 1240 1262 quoties
1260 1198 1331 1244 in-

42 1275 332 1339 grederetur,
362 1271 551 1333 publicis
591 1270 898 1318 monumentis
941 1270 1037 1318 indi
1078 1271 1212 1330 jussit.
1244 1273 1332 1317 Pu-

44 1346 190 1410 gnaffe
209 1357 353 1392 autem
382 1343 543 1392 dicitur
568 1342 886 1406 septingenties
906 1341 1057 1389 tricies
1076 1339 1334 1404 quinquies.

43 1418 316 1464 Nominatus
357 1417 474 1463 inter
526 1414 723 1463 Caesares
766 1428 930 1478 quarto
977 1413 1134 1459 Iduum
1183 1412 1332 1458 0810-

44 1484 215 1545 brium‚
238 1491 367 1554 (quas
387 1490 630 1537 Herculeas
652 1488 802 1551 postea
819 1482 1105 1548 nominavit)
1127 1485 1339 1530 Pruden-

46 1576 89 1609 te
122 1565 170 1611 &
201 1563 407 1609 Pollione
432 1561 725 1609 Consulibus.
754 1559 1001 1622 appellatus
1021 1558 1295 1603 Germanicus
1318 1592 1333 1615 ‚

48 1635 196 1682 Idibus
215 1635 446 1680 Herculeis
462 1668 476 1690 ,
494 1633 700 1680 Maximo
720 1633 770 1680 δι
791 1631 994 1693 Orphito
1012 1629 1301 1676 Consulibus.

111 1709 211 1754 ΧΗ.
234 1707 456 1753 Assumtus
485 1707 544 1753 est
572 1706 617 1752 in
643 1705 797 1752 omnia
828 1704 1018 1767 collegia
1049 1703 1333 1750 sacerdotalia

46 1781 248 1828 sacerdos
268 1816 281 1838 ‚
311 1778 628 1827 decimotertio
658 1778 883 1825 Kalendas
917 1776 1110 1822 Invi&as
1130 1810 1144 1834 ,
1172 1775 1335 1821 Pisone

47 1857 95 1903 δέ
113 1854 292 1902 Juliano
312 1853 599 1900 Consulibus.
626 1851 853 1916 profesius
872 1850 917 1897 in
945 1848 1232 1896 Germaniam
1255 1849 1334 1895 de-

47 1929 334 1991 cimoquarto
364 1927 586 1975 Kalendas
615 1928 750 1974 AElias
765 1961 782 1983 s
809 1940 856 1972 ut
874 1924 1026 1988 postea
1045 1922 1301 1972 nominavit
1320 1959 1335 1982 ‚

48 2001 198 2048 iisdem
219 2001 508 2048 Consulibus·
531 2014 682 2063 togam
706 1999 885 2047 virilem
906 1997 1103 2059 accepit,
1128 2013 1228 2043 cum
1257 2012 1336 2057 pa·

47 2087 114 2121 tre
143 2074 387 2136 appellatus
424 2077 699 2135 Imperator,
726 2070 886 2134 quinto
924 2069 1151 2116 Kalendas
1190 2067 1334 2113 Exsu-

47 2147 320 2211 peratorias,
348 2138 554 2193 Pollione
592 2146 752 2192 iterum
791 2145 840 2190 &
878 2146 1004 2206 Apro
1046 2140 1337 2187 Consulibus.

47 2219 341 2282 triumphavit
373 2219 549 2266 decimo
586 2218 809 2265 Kalendas
843 2215 1142 2270 Amazonias‚
1179 2213 1335 2260 iisdem

51 2293 336 2341 Consulibus.
355 2292 516 2338 iterum
541 2290 767 2353 profesius
783 2289 918 2336 tertio
939 2289 1095 2334 Nonas
1112 2287 1336 2332 Commo·

50 2366 142 2413 dias
160 2402 173 2424 ,
199 2365 398 2428 Orphito
420 2368 468 2411 ὃ(
489 2364 613 2410 Rufo
638 2362 925 2410 Consulibus.
947 2362 1073 2407 datus
1101 2361 1146 2405 in
1177 2375 1337 2421 perpe-

53 2451 174 2507 {uum
206 2439 261 2487 ab
288 2437 486 2487 exercitu
514 2440 560 2486 δι
581 2436 730 2486 senatu
750 2435 797 2483 in
818 2435 962 2484 domo
982 2431 1174 2481 Palatina
1190 2433 1336 2482 Com·-v
