1637 2785
334 152 703 202 CLODIUS
758 152 1125 198 ALBINUS.
1289 148 1374 212 185

105 260 289 322 injustus
305 295 317 318 ‚
340 274 471 307 atrox
496 259 612 307 circa
629 259 830 306 militem.
853 261 967 306 Nam
996 260 1107 321 saepe
1127 261 1176 306 &
1195 258 1381 305 ordina-

104 334 196 379 rios
223 333 524 379 Centuriones
542 367 554 391 ,
578 332 654 378 ubi
686 331 825 378 causae
855 333 1044 394 qualitas
1073 348 1164 378 non
1186 332 1382 394 postula-

103 407 200 459 bat,
221 407 263 451 in
288 422 467 451 crucem
499 403 676 450 sustulit.
706 405 978 450 Verberavit
1009 418 1126 450 certe
1147 405 1284 466 virgis
1307 403 1380 449 sae·

103 478 271 540 piffime
293 495 304 523 z
336 494 478 538 neque
496 494 690 539 unquam
721 477 890 522 delictis
911 476 1124 538 pepercit.
1148 478 1194 520 In
1221 475 1383 522 vestitu

104 548 382 595 nitidiffimus
406 549 490 595 fuit
506 585 517 604 ,
539 550 582 595 in
615 549 839 595 convivio
869 548 1182 595 sordidissimus
1200 584 1212 603 ‚
1231 549 1279 594 &
1300 547 1383 594 soli

103 621 277 666 studens
295 623 466 683 copiae;
501 622 775 668 mulierarius
800 621 916 667 inter
946 622 1117 681 primos
1135 633 1352 667 amatores
1368 655 1383 679 ‚

104 694 265 740 aversae
295 695 480 742 Veneris
511 694 678 755 semper
707 694 907 757 ignarus,
932 697 979 740 &
1009 695 1160 740 talium
1182 693 1385 754 persecu-

104 780 178 812 tor
195 783 208 820 ;
228 766 501 829 agricolandi
534 767 840 829 peritiffimus‚
866 767 924 812 ita
943 778 993 812 ut
1007 767 1136 813 etiam
1158 765 1385 828 Georgica

105 839 335 898 scripserit.
369 841 559 888 Milesias
594 841 803 887 nonnulli
843 839 1036 902 ejusdem
1075 839 1159 886 effe
1196 840 1385 896 dicunt,

105 930 293 974 quarum
318 913 431 960 fama
460 932 553 968 non
583 915 792 978 ignobilis
817 915 1030 973 habetur,
1052 912 1258 977 quamvis
1288 929 1384 959 me·

106 986 321 1033 diocriter
350 988 522 1049 scriptae
550 988 648 1035 smt.

172 1057 271 1105 ΧΠ.
294 1061 333 1104 Α
357 1061 518 1105 Senatu
547 1072 716 1106 tantum
749 1071 918 1106 amatus
946 1057 1037 1116 est,
1064 1068 1277 1120 quantum
1303 1072 1385 1103 ne-

107 1144 186 1174 mo
218 1130 502 1193 Principum,
527 1131 573 1177 in
602 1132 756 1177 odium
787 1130 1011 1192 speciatim
1044 1128 1226 1186 Severi,
1252 1144 1384 1191 quem

107 1201 400 1251 vehementer
417 1206 478 1250 ob
500 1205 801 1251 crudelitatem
822 1206 1010 1251 oderant
1027 1205 1274 1250 Senatores.
1291 1203 1386 1249 De-

109 1279 245 1341 nique
271 1279 392 1327 vicio
423 1296 482 1326 eo
511 1278 690 1342 plurimi
718 1280 956 1332 Senatores
989 1295 1013 1324 a
1048 1279 1218 1323 Severo
1251 1278 1385 1323 inter-

111 1350 211 1398 fecti
236 1352 356 1409 sunt,
392 1352 472 1416 qui
497 1351 590 1415 ejus
616 1353 807 1415 partium
842 1352 914 1398 vel
947 1367 1054 1398 vere
1081 1350 1280 1407 fuerant,
1311 1349 1386 1396 vel

109 1425 194 1471 effe
233 1427 513 1473 videbantur.
554 1427 766 1490 Denique
814 1444 913 1473 cum
955 1425 1074 1488 apud
1118 1426 1385 1487 Lugdunum

110 1499 300 1544 eundem
332 1499 643 1556 interfecisset,
682 1500 819 1545 statim
858 1499 1004 1545 literas
1042 1498 1205 1560 inquiri
1243 1496 1386 1555 justit,

111 1569 171 1616 ita
189 1588 237 1617 ut
259 1572 481 1619 inveniret
496 1608 509 1629 ‚
530 1573 672 1618 velad
687 1588 803 1634 quos
824 1571 914 1632 ipse
938 1571 1189 1632 scripsisset,
1214 1570 1283 1617 vel
1309 1569 1385 1631 qui

112 1643 169 1689 ad
183 1661 283 1690 eum
307 1645 638 1707 rescripsissent:
664 1645 907 1706 omnesque
935 1643 1063 1700 illos,
1084 1659 1275 1707 quorum
1295 1642 1387 1704 epi-

113 1715 247 1762 stolas
280 1718 471 1779 reperit,
499 1717 645 1763 hostes
676 1714 860 1775 judicari
889 1732 913 1761 a
942 1716 1103 1762 Senatu
1145 1713 1272 1760 fecit:
1304 1730 1388 1760 nee

113 1788 181 1834 his
201 1790 426 1850 pepercit,
449 1789 519 1835 sed
541 1791 589 1836 δι
608 1789 727 1850 ipsos
745 1788 997 1846 interemit,
1022 1790 1069 1835 &
1092 1787 1209 1833 bona
1230 1803 1387 1833 eorum

113 1860 372 1923 proscripsit
388 1898 401 1919 ‚
419 1875 552 1924 atque
571 1861 615 1907 in
640 1861 839 1908 aerarium
867 1862 1092 1922 publicum
1114 1860 1279 1906 retulit.
1298 1861 1390 1906 Ex·

114 1931 195 1978 ssat
222 1933 408 1994 epistola
436 1933 618 1990 Severi,
651 1950 750 1995 quae
786 1933 980 1979 ostendit
1009 1932 1202 1978 animum
1232 1931 1356 1978 suum
1375 1966 1389 1985 ,

116 2001 236 2048 missa
267 2004 321 2049 ad
347 2005 579 2060 Senatum,
606 2002 732 2064 cujus
762 2003 851 2050 hoc
879 2003 1131 2064 exemplum
1160 2003 1243 2050 est:
1266 2006 1394 2049 Nihil

118 2077 222 2121 mihi
236 2081 405 2138 gravius
436 2079 562 2144 potest
591 2080 739 2124 evenire
758 2113 770 2133 ,
800 2080 947 2125 Patres
979 2079 1209 2138 Conscripti
1225 2112 1237 2134 ‚
1265 2096 1389 2138 quam

117 2166 164 2195 m
180 2152 345 2213 vestrum
355 2152 566 2208 judicium
587 2154 771 2199 Albinus
799 2154 958 2197 haberet
980 2154 1124 2211 potius
1140 2186 1152 2207 ‚
1175 2170 1295 2212 quam
1315 2154 1392 2196 Se-

116 2240 247 2268 verus.
278 2226 372 2285 Ego
396 2224 612 2282 flumenta
639 2225 859 2285 reipublicae
891 2227 1019 2270 detuli
1034 2260 1046 2278 ‚
1067 2242 1137 2285 ego
1158 2228 1289 2269 multa
1309 2226 1391 2269 bel-

117 2299 161 2341 la
192 2314 269 2355 pro
306 2298 508 2356 republica
547 2298 644 2360 gff
661 2331 674 2353 ‚
713 2314 784 2358 ego
812 2300 968 2357 populo
1001 2300 1193 2342 Romano
1227 2313 1390 2341 tantum

68 2418 70 2421 ,
118 2371 196 2417 olei
219 2371 372 2426 detuli,
390 2386 588 2429 quantum
619 2388 746 2416 rerum
783 2385 935 2415 natura
967 2370 1044 2416 vix
1076 2371 1231 2415 habuit.
1263 2372 1357 2431 Ego
1376 2403 1394 2426 ,

116 2442 321 2504 interfeffo
345 2444 566 2506 Pffccrmio
584 2439 745 2506 Nigro,
762 2462 834 2491 vos
857 2463 884 2489 a
916 2446 1041 2489 malis
1070 2444 1306 2503 tyrannicis
1333 2444 1391 2487 li-
