1637 2785
249 154 666 206 TRIGINTA
713 158 1112 206 TYRANNI.
1236 173 1321 219 131

45 265 215 313 fendit:
247 267 396 311 Audio
416 299 431 323 ,
465 257 613 310 Patres
641 267 886 325 conscripti,
908 266 1013 310 mihi
1041 266 1193 321 objici,
1223 271 1331 326 quod

46 360 132 386 non
166 342 279 387 virile
313 356 468 384 munus
505 341 779 398 impleverim,
809 339 1040 383 Zenobiam
1067 343 1329 400 triumphan-

48 415 117 458 do.
145 414 224 456 Nae
251 413 343 464 illi,
361 411 432 469 qui
454 427 516 453 me
548 410 867 468 reprehendunt,
887 410 1005 468 satis
1030 412 1267 462 laudarent,
1286 413 1335 477 si

38 485 216 544 scirent,
233 483 370 541 qualis
394 483 472 524 illa
498 479 549 545 est
578 482 751 536 mulier,
778 498 901 539 quant
921 484 1102 540 prudens
1127 484 1171 527 in
1203 483 1334 547 consi-

50 559 143 613 liis,
169 573 291 616 quam
314 553 501 618 constans
529 556 574 597 ir²
602 553 970 616 dispositionibus,
993 573 1114 613 quarn
1138 573 1230 616 erga
1249 561 1332 601 mi,

50 631 142 674 lites
155 629 297 689 gravis
314 661 327 682 ,
347 645 471 687 quam
492 629 610 687 larga
627 659 640 681 ,
662 644 750 671 cum
768 625 969 688 necfftas
984 628 1164 689 postulet
1181 665 1192 675 .
1212 649 1336 689 quam

50 704 195 767 tristis,
215 720 305 746 cum
328 701 527 760 fiveritas
544 701 702 759 poscat.
730 698 896 762 Poffimz
924 703 1048 745 dicere
1063 735 1073 753 ,
1095 703 1213 746 illius
1232 702 1301 764 effe
1321 739 1334 760 ,

51 780 165 838 quod
192 777 409 820 Odenatus
435 775 586 832 Persas
612 777 740 825 vicis,
772 793 820 818 ac
838 774 997 834 fugato
1027 777 1180 834 Sapore
1217 778 1337 841 Ctefi·

47 855 243 912 plzorztern
272 852 394 910 usique
418 851 618 908 pervenit.
646 846 816 910 Poffum
849 846 1012 910 afferere
1031 883 1043 900 ‚
1075 865 1194 893 tanto
1223 855 1337 911 apud

58 924 289 969 Orientales
327 919 370 968 δ’
407 924 703 983 AEgyptiorum
737 924 917 982 populos
956 923 1094 967 timori
1134 925 1338 969 mulierem

46 996 197 1062 susse,
221 1015 267 1044 ut
280 1000 330 1058 se
349 1015 434 1043 non
461 998 650 1053 Arabes,
671 1014 757 1041 non
785 999 1007 1046 Saraceni,
1031 1015 1117 1041 non
1141 1001 1338 1044 Armenii

56 1088 362 1120 commoverent.
387 1074 471 1116 Nec
489 1088 560 1132 ego
581 1073 648 1115 illi
673 1071 803 1116 vitam
823 1069 1110 1133 corffervaffim
1125 1106 1138 1125 ‚
1153 1075 1201 1117 ni
1218 1092 1233 1117 ι
1250 1091 1339 1119 eam

49 1145 215 1210 scissem
244 1148 418 1190 multum
438 1146 640 1189 Rornanae
662 1145 884 1203 reipublicae
893 1141 1093 1205 profuiffe
1107 1178 1121 1201 ‚
1140 1163 1229 1190 cum
1235 1146 1342 1208 fibi,

58 1225 125 1268 vet
148 1221 282 1266 liberis
297 1218 422 1277 fitis,
443 1218 626 1263 Orientis
645 1216 829 1276 servaret
860 1218 1088 1276 imperium.
1127 1220 1222 1263 Sibi
1253 1236 1344 1280 ergo

59 1295 238 1339 lzabearzt
248 1292 510 1350 propriarum
537 1306 695 1334 venena
717 1292 954 1350 linguarum
976 1291 1020 1334 hi
1036 1323 1049 1345 ,
1069 1291 1218 1349 quibus
1238 1294 1351 1336 nihil

58 1370 208 1427 placet.
226 1364 343 1408 Nam
354 1361 403 1424 si
421 1358 557 1423 viciffe
580 1379 629 1406 ac
652 1358 916 1424 triumphaffi
928 1360 1166 1419 feminam,
1193 1381 1277 1408 non
1297 1366 1350 1429 ‘st

63 1442 250 1486 decorum
265 1456 284 1492 ;
307 1439 409 1497 quid
426 1439 473 1481 de
493 1437 690 1481 Gallieno
705 1440 953 1496 loquuntur,
972 1437 1015 1480 in
1034 1436 1151 1490 cujus
1170 1450 1350 1483 contern-

64 1530 150 1558 tum
182 1514 262 1556 lzaec
279 1513 373 1555 bene
397 1512 504 1555 rexit
525 1511 738 1569 imperium
757 1510 782 1554 ἓ
805 1511 909 1569 quid
924 1511 971 1553 de
998 1510 1122 1554 Divo
1145 1511 1320 1556 Claudio
1335 1546 1350 1568 ,

54 1586 204 1646 sanft'o
228 1602 277 1628 ac
303 1583 522 1628 venerabili
545 1583 680 1628 duce?
707 1584 777 1641 qui
797 1599 908 1634 earn,
929 1583 1039 1642 quod
1052 1582 1135 1641 ipse
1158 1582 1350 1629 Gothicis
1396 1573 1408 1584 ⁹

67 1656 159 1722 effic
187 1657 518 1717 expeditionibus
538 1671 787 1715 occupatus,
808 1653 958 1718 paffus
984 1653 1058 1718 eſje
1090 1657 1242 1701 dicitur
1268 1660 1352 1702 im·

61 1748 204 1792 perare
222 1749 242 1785 ;
275 1732 393 1789 idque
420 1732 569 1774 occulte
607 1747 656 1774 ac
674 1731 898 1789 prudenter
914 1745 931 1774 :
964 1744 1040 1784 ut,
1062 1729 1137 1774 illa
1159 1729 1353 1787 servante

73 1804 303 1849 Orientalis
317 1803 422 1860 fines
446 1803 632 1862 imperii,
650 1803 733 1863 ipse
742 1803 930 1862 ficurius
942 1837 957 1858 ‚
977 1820 1063 1863 quae
1093 1803 1322 1868 instituerat
1343 1840 1356 1862 ‚

63 1890 322 1938 perpetraret.
337 1874 447 1921 Haec
467 1873 616 1920 oratio
636 1874 829 1931 indicat,
845 1874 952 1938 quid
974 1874 1129 1934 judicii
1149 1877 1353 1926 Aurelia-

71 1964 155 1994 nus
179 1947 384 1993 habuerit
416 1947 468 1992 de
490 1946 716 1993 Zenobia:
735 1947 861 2007 cujus
884 1963 934 1994 ea
955 1946 1123 1993 castitas
1142 1939 1269 1996 fuiffe
1291 1951 1356 1996 di·

72 2021 218 2078 citur,
243 2032 292 2066 ut
313 2035 370 2066 ne
395 2020 545 2065 virum
570 2019 692 2066 suum
713 2020 893 2082 quidem
924 2019 1079 2078 sciret,
1103 2019 1182 2066 nisi
1210 2034 1361 2070 tenta«

72 2094 130 2140 tis
162 2092 556 2154 conceptionibus.
592 2109 689 2139 nam
720 2111 822 2140 cum
852 2093 985 2140 semel
1015 2095 1358 2156 concubuisset,

74 2166 331 2228 exspectatis
361 2166 624 2223 rnenstrui5‚
657 2166 921 2213 continebat
958 2165 1032 2223 se,
1065 2167 1097 2212 s1
1126 2184 1359 2233 praegnans

75 2242 210 2288 effet:
236 2241 297 2286 sm
326 2239 473 2286 minus
491 2275 505 2296 ‚
540 2240 699 2286 iterum
734 2240 996 2301 potestatem
1027 2243 1280 2303 quaerendis
1308 2245 1359 2290 li·

78 2314 194 2361 beris
221 2314 360 2359 dabat.
384 2311 512 2358 Vixit
538 2313 670 2374 regali
695 2329 884 2375 pompa,
909 2329 1036 2359 more
1058 2315 1195 2378 magis
1218 2318 1359 2363 Perfi-

79 2402 152 2433 c0.
178 2386 359 2431 adorata
389 2384 450 2430 est
480 2400 608 2430 more
636 2401 787 2447 regum
819 2385 1076 2433 Persarum:
1109 2389 1359 2438 convivata

80 2457 141 2506 est
171 2459 494 2521 Imperatorum
525 2472 654 2506 more
670 2457 997 2505 Romanorum.
1018 2458 1090 2504 Ad
1112 2461 1360 2511 conciones

1025 2535 1105 2581 12
