1714 2807
345 182 403 230 82
597 178 812 226 JULII
860 175 1358 222 CAPITOLINI

342 297 599 350 peratorem
627 285 712 332 effe
737 285 1044 348 cognosceret.
1068 285 1152 332 Sed
1176 298 1392 348 quantum
1422 285 1624 348 profece-

342 361 430 415 rit,
459 376 559 406 cum
597 359 678 406 alia
709 358 832 415 vita,
866 372 960 405 tum
996 358 1122 418 haec,
1150 376 1281 423 quam
1311 359 1586 407 narravimus
1607 394 1624 418 ‚

341 450 474 482 coena
503 429 784 477 monstravit.
1492 447 1494 450 ’

407 506 486 549 VI.
518 501 794 549 Circensium
832 498 1176 550 tantam'curam
1218 503 1408 561 habuit,
1444 515 1491 549 ut
1531 503 1623 550 fre-

339 588 530 640 quenter
563 572 921 635 provincialibus
947 572 1094 620 literas
1126 573 1251 620 causa
1281 575 1553 621 Circensium
1573 576 1623 621 &

293 700 295 703 ,
339 647 506 697 miserit
525 650 574 695 &
597 646 832 708 acceperit.
855 646 1067 708 Denique
1091 647 1220 693 etiam
1242 647 1433 708 praesens
1452 649 1497 694 &
1517 664 1621 694 cum

338 723 499 770 Marco
532 718 711 775 sedens,
733 717 891 764 multas
920 735 950 784 a.
968 718 1225 765 Venetianis
1252 718 1311 764 est
1342 718 1485 780 passus
1507 718 1622 779 inju-

337 794 457 850 rias,
483 791 609 855 quod
635 790 877 852 turpitlime
905 804 1065 837 contra
1097 807 1175 837 eos
1206 789 1392 838 faveret.
1426 791 1541 836 Nam
1572 792 1623 838 &

337 867 530 913 Volucri
549 881 666 928 equo
693 864 874 910 Prasino
902 880 1084 911 aureum
1122 863 1400 925 simulacrum
1433 864 1623 921 fecerat,

337 941 465 1004 quod
496 939 642 984 secum
679 938 900 1001 portabat.
936 938 1022 984 Cui
1056 937 1234 999 quidem
1273 937 1406 999 paffas
1440 953 1546 983 uvas
1573 939 1624 985 δε

339 1012 555 1068 nucleos,
580 1011 626 1056 in
665 1010 810 1058 vicem
853 1009 1008 1056 hordei
1030 1045 1042 1067 ‚
1078 1010 1122 1054 in
1161 1008 1352 1073 praesepe
1389 1009 1622 1070 ponebat3

335 1101 469 1148 quem
499 1083 608 1146 sagis
635 1081 745 1129 fuco
766 1082 909 1128 timetis
936 1095 1205 1144 coopertum
1222 1116 1235 1139 ‚
1262 1081 1308 1127 in
1334 1079 1622 1127 Tiberianam

333 1159 390 1205 ad
421 1158 460 1203 se
486 1155 644 1203 adduci
671 1154 873 1215 jubebat;
894 1153 964 1201 cui
983 1167 1166 1200 mortuo
1193 1153 1440 1215 sepulcrum
1466 1151 1514 1216 in
1534 1154 1624 1199 Va·

336 1232 490 1278 ticano
520 1228 640 1276 fecit.
679 1229 724 1274 in
756 1227 885 1287 hujus
913 1227 1014 1289 equi
1038 1227 1220 1290 gratiam
1250 1225 1442 1286 primum
1469 1240 1623 1286 coepe-

337 1316 441 1350 runt
469 1302 570 1365 equi
602 1300 720 1348 aurei
752 1301 827 1347 vel
858 1299 1012 1347 bravia
1046 1299 1274 1361 postulari.
1304 1301 1353 1345 In
1384 1311 1512 1345 tanto
1541 1315 1622 1344 au-
1689 1300 1691 1302 ’

336 1389 426 1422 tem
462 1390 602 1436 equus
636 1374 710 1420 ille
748 1373 925 1419 honore
961 1371 1075 1430 fuit,
1103 1385 1151 1418 ut
1187 1371 1228 1419 ei
1254 1388 1277 1417 a
1310 1370 1484 1433 populo
1516 1371 1621 1416 Pra-

337 1449 613 1496 finianorum
653 1448 763 1510 saepe
788 1447 982 1502 ‚modius
1025 1461 1264 1493 aureorum
1307 1443 1620 1507 postularetur.

336 1522 591 1571 Profectum
617 1537 716 1566 eum
745 1520 799 1566 ad
834 1520 1085 1566 Parthicum
1114 1519 1282 1565 bellum
1319 1519 1501 1564 Marcus
1533 1517 1620 1563 Ca-

337 1613 467 1659 puam
488 1594 750 1658 prosecutus
771 1593 854 1639 est:
873 1610 1062 1656 cumque
1088 1592 1189 1638 inde
1216 1609 1293 1654 per
1310 1591 1514 1638 omnium
1533 1590 1620 1636 vit-

336 1671 399 1717 las
430 1668 469 1714 se
493 1668 811 1731 ingurgitaret,
840 1667 1002 1713 morbo
1032 1666 1305 1728 implicitus,
1325 1664 1442 1725 apud
1469 1665 1618 1710 Canu·

336 1743 448 1789 sium
481 1739 743 1803 aegrotavit:
768 1757 859 1803 quo
884 1740 1056 1786 adeum
1088 1739 1319 1785 visendum
1349 1737 1483 1783 frater
1506 1750 1619 1783 con-

336 1813 496 1860 tendit.
527 1812 668 1857 Multa
699 1811 745 1857 in
769 1810 861 1872 ejus
883 1810 976 1858 vita
1001 1811 1158 1873 ignava
1180 1810 1228 1857 &
1254 1808 1429 1854 sordida
1445 1843 1457 1864 ‚
1481 1807 1615 1854 etiarn

336 1885 442 1933 belli
464 1897 664 1944 tempore
682 1918 696 1939 ,
723 1882 1001 1946 deteguntur.
1025 1884 1136 1928 Nam
1156 1899 1255 1928 cum
1271 1916 1285 1939 ‚
1305 1879 1536 1926 interseei'to
1556 1879 1617 1925 le-

336 1971 466 2020 gato,
485 1955 600 2003 caetis
622 1954 901 2017 legionibus,
923 1953 1066 2019 Syriis
1092 1953 1385 2000 defefflonern
1412 1951 1618 2015 cogitan-

336 2030 479 2085 tibus,
503 2028 667 2074 Oriens
696 2027 941 2074 vastaretur
959 2062 973 2084 ‚
993 2027 1065 2072 ille
1088 2025 1134 2071 in
1162 2024 1321 2087 Apulia
1342 2025 1618 2079 venabatur,

268 2118 273 2123 ·
335 2103 385 2148 &
416 2101 532 2162 apud
562 2099 834 2145 Corinthum
866 2101 916 2145 &
950 2084 1142 2144 Afhenas
1170 2098 1283 2144 inter
1320 2095 1616 2159 symphonias

334 2178 385 2223 &
414 2174 585 2221 cantica
610 2172 877 2235 navigabat,
902 2173 950 2218 ὅ(
975 2187 1053 2233 per
1081 2171 1267 2233 singulas
1289 2169 1524 2216 maritimas
1553 2168 1617 2214 ci-

335 2248 495 2292 vitates
515 2244 623 2291 Afiae
641 2280 652 2300 ‚
670 2244 972 2307 Pamphyliae,
986 2242 1253 2306 Ciliciaeque
1275 2242 1508 2299 clariores,
1531 2256 1617 2286 vo-

333 2319 576 2381 luptatibus
607 2317 941 2363 immorabatur.

355 2398 360 2410 ·
401 2394 498 2437 VH.
521 2389 806 2436 Antiochiam
829 2389 1113 2450 posteaquam
1143 2386 1271 2433 venit
1289 2423 1300 2440 ‚
1317 2386 1407 2447 ipse
1435 2384 1613 2446 quidem

337 2464 380 2513 se
409 2465 596 2512 luxuriae
625 2463 768 2526 dedit,
789 2464 922 2512 duces
945 2477 1092 2511 autem
1121 2461 1418 2512 confecerunt
1442 2459 1614 2508 Parthi-
