1714 2807
287 181 380 213 220

454 518 710 587 AELII
767 518 1403 591 LAMPRIDII

286 757 835 833 ΑῙἾἹΪΟ
926 757 1111 831 ΝΙ
1201 759 1563 837 Ν[]8

462 981 1376 1063 DIADUMENUS

284 1374 317 1418 1.
359 1335 670 1421 Amorum
702 1371 971 1419 Diadumeni
1003 1373 1155 1435 pueri,
1188 1390 1320 1437 quem
1357 1391 1456 1422 cum
1487 1386 1567 1437 pai

284 1457 351 1491 tre
384 1445 544 1506 Opilio
578 1445 786 1491 Macrino
815 1449 1131 1506 Imperatorem
1166 1448 1278 1493 dixit
1311 1449 1566 1507 exercitus,

285 1515 439 1562 occiso
474 1515 675 1562 Baffiano
720 1515 913 1562 faffione
949 1518 1255 1576 Macriniana,
1288 1519 1397 1564 nihil
1435 1520 1567 1566 habet

284 1589 381 1635 vita
407 1588 727 1645 memorabile,
758 1588 838 1634 nisi
869 1591 992 1651 quod
1021 1590 1279 1636 Antoninus
1309 1590 1368 1637 est
1402 1592 1566 1645 dietus,

284 1664 334 1709 &
362 1663 485 1726 quod
510 1662 549 1708 ei
575 1662 783 1724 stupenda
815 1663 965 1710 omina
997 1662 1093 1709 sunt
1123 1663 1232 1711 facia
1261 1664 1433 1727 imperii
1469 1681 1566 1712 non

284 1735 514 1789 diuturni3
546 1747 594 1780 ut
627 1736 795 1783 evenit.
831 1736 945 1782 Nam
984 1753 1083 1782 cum
1125 1736 1318 1799 primum
1365 1737 1567 1785 innotuit

283 1825 364 1870 per
384 1809 608 1872 legiones,
630 1809 831 1857 occisum
863 1809 946 1856 esse
968 1811 1214 1856 Baffianum
1232 1846 1246 1866 ‚
1274 1810 1427 1873 ingens
1446 1827 1568 1859 moe-

283 1899 363 1930 ror
381 1882 555 1929 obsedit
571 1884 773 1930 omnium
791 1886 987 1946 pectora,
1001 1884 1124 1947 quod
1140 1884 1419 1931 Antoninum
1437 1885 1482 1930 in
1497 1901 1566 1931 re-

282 1957 462 2018 p'ublica
485 1973 577 2003 non
594 1958 807 2005 haberent
821 1995 834 2016 ,
857 1958 1204 2004 existimantium
1218 1957 1367 2018 ‚quod
1387 1974 1488 2004 cum
1507 1973 1567 2004 eo

283 2028 541 2074 Romanum
567 2029 669 2074 effet
687 2028 923 2091 imperium
945 2030 1206 2091 periturum.
1233 2029 1278 2074 ld
1304 2028 1379 2074 ubi
1399 2028 1566 2076 Macri-

283 2117 347 2146 no
365 2100 451 2160 jam
468 2101 729 2162 Imperatori
749 2102 1000 2148 nuntiatum
1023 2101 1082 2147 est
1098 2135 1111 2157 ‚
1129 2100 1317 2156 veritus,
1342 2117 1397 2148 ne
1419 2101 1463 2147 in
1479 2101 1565 2147 ali-

282 2188 414 2235 quem
446 2173 782 2219 Antoninorum
802 2210 814 2230 ,
844 2174 920 2234 qui
949 2173 1077 2219 multi
1106 2191 1161 2221 ex
1188 2173 1393 2219 affinibus
1414 2177 1566 2220 Anto-1

283 2245 379 2291 nini
399 2244 462 2291 Pii
484 2258 607 2291 erant
631 2245 746 2292 inter
766 2247 925 2303 duces,
948 2246 1169 2292 exercitus
1195 2245 1456 2301 inclinaret,
1477 2245 1564 2291 sta-

282 2319 362 2365 tim
395 2319 667 2366 concionem
694 2319 836 2381 parari
868 2319 982 2378 juffit
1001 2355 1013 2373 ,
1032 2318 1265 2380 filiumque
1296 2318 1419 2364 suum
1441 2318 1563 2365 hunc

282 2409 472 2455 puerum
510 2393 795 2439 Antoninum
832 2391 1088 2450 appellavit.
1129 2389 1380 2437 Concionis
1425 2389 1564 2434 verba

283 2463 502 2522 ejusdem:
534 2468 716 2526 Videtis,
736 2467 1055 2526 commilitones,
1073 2462 1115 2511 δ’
1134 2483 1194 2512 me
1210 2460 1565 2524 aetatisprovcffae,
