1714 2807
342 173 404 232 84
516 173 940 221 TREBELLII
983 175 1425 224 POLLIONIS

337 296 440 327 cum
469 277 564 326 filio
585 279 876 338 *interemtum
896 317 908 340 ‚
938 298 1120 344 regnare
1151 283 1428 340 Aureolum,
1447 282 1616 330 Gallie-

337 368 445 398 num
479 351 692 399 remiffius
720 369 848 416 agere
869 389 880 411 ‚
912 353 1136 402 festinavit
1166 356 1219 401 ad
1255 356 1440 401 alterum
1474 354 1615 402 filium

335 422 593 481 Macriani,
628 441 729 471 cum
759 426 979 473 exercitus
1007 427 1096 474 hoc
1133 426 1255 473 daret
1295 426 1507 484 fortuna,
1543 441 1618 475 ca-

339 495 564 558 piendum.
602 498 686 544 Sed
717 497 775 555 ii,
810 498 888 561 qui
928 512 1052 545 erant
1091 516 1190 546 cum
1234 499 1328 546 filio
1365 500 1617 557 Macriani,

335 568 507 629 Quieto
540 571 726 616 nomine
751 606 764 628 ‚
799 571 1126 618 consentientes
1161 571 1402 628 Odenato,
1437 572 1616 618 auclore

334 641 548 690 Praefe&0
580 643 800 691 Macriani
839 644 995 690 Balista
1019 679 1033 700 ,
1067 643 1281 703 juvenem
1313 645 1616 702 occiderunt,

336 712 553 776 missoque
585 729 660 775 per
693 731 866 760 murum
898 731 1118 776 corpore,
1148 714 1358 772 Odenato
1391 715 1430 761 se
1458 731 1616 761 omnes

335 785 501 832 affatim
540 786 815 833 dediderunt.
855 787 1020 833 Totius
1059 803 1201 849 prope
1243 786 1376 849 igitur
1413 789 1615 835 Orientis

335 861 474 908 factus
498 861 558 907 est
589 861 819 908 Odenatus
847 863 1124 923 Imperator,
1150 878 1249 908 cum
1280 861 1513 925 Illyricum
1547 874 1615 908 te-

335 948 460 982 neret
498 934 752 992 Aureolus,
792 935 986 980 Romam
1024 936 1270 981 Gallienus.
1307 937 1425 981 ldem
1458 936 1615 982 Balista

333 1010 503 1055 multos
534 1008 808 1065 Emifl'enos,
833 1008 887 1053 ad
915 1023 1030 1070 quos
1063 1007 1361 1070 confugerant
1397 994 1614 1055 Macriani

333 1082 526 1139 militeS,
557 1098 658 1128 cum
685 1080 860 1141 Quieto
890 1082 938 1127 &
977 1080 1279 1126 thesaurorum
1321 1080 1615 1126 Custodem-

333 1154 537 1212 terfecit‚
559 1155 616 1201 ita
634 1167 680 1200 ut
703 1153 863 1200 civitas
887 1169 1013 1215 paene
1040 1153 1271 1199 deleretur.
1296 1153 1523 1200 Odenatus
1546 1155 1616 1199 in-

332 1240 400 1274 ter
419 1229 541 1285 haec,
564 1228 682 1290 quasi
712 1226 907 1271 Gallieni
932 1238 1074 1287 partes
1101 1239 1271 1290 ageret,
1295 1228 1448 1273 cunila
1470 1227 1612 1274 eidem

331 1299 526 1348 nuntiari
553 1315 607 1345 ex
636 1298 822 1344 veritate
845 1296 1046 1344 faciebat.
1067 1299 1150 1343 Sed
1177 1297 1428 1355 Gallienus,
1452 1299 1613 1362 cogni-

331 1384 384 1419 to
400 1408 413 1426 ,
434 1371 556 1435 quod
579 1369 834 1417 Macrianus
864 1385 966 1416 cum
1000 1367 1084 1414 suis
1110 1369 1256 1415 liberis
1279 1368 1381 1414 effet
1407 1370 1578 1416 occisus
1598 1405 1613 1426 ,

332 1444 453 1508 quafi
480 1443 654 1490 securus
673 1457 847 1498 rerum,
873 1457 922 1486 ac
952 1455 1072 1502 patre
1099 1439 1185 1500 jam
1209 1455 1419 1503 recepto,
1438 1441 1612 1489 libidini
1670 1459 1672 1461 ’

331 1535 383 1565 ac
414 1516 639 1579 voluptati
671 1515 711 1561 se
738 1514 917 1561 dedidit.
944 1514 1096 1560 Ludos
1122 1514 1375 1571 Circenses,
1397 1512 1634 1579 ludosque'

332 1592 563 1650 scenicos,
592 1591 722 1637 ludos
758 1589 996 1653 gymnicos
1018 1625 1031 1645 ,
1058 1590 1271 1635 ludicram
1306 1590 1435 1636 etiam
1469 1608 1611 1637 vena-

329 1667 505 1713 tionem
526 1701 537 1720 ,
567 1666 615 1711 δι
643 1664 773 1709 ludos
805 1663 1095 1726 gladiatorios
1128 1663 1275 1709 dedit:
1306 1664 1612 1727 populumque

331 1738 451 1801 quasi
481 1736 784 1784 victorialibus
822 1736 975 1781 diebus
999 1737 1050 1781 ad
1081 1734 1363 1782 festivitatem
1399 1754 1449 1784 ac
1487 1738 1611 1798 plau-

330 1813 424 1859 sum
455 1810 658 1859 vocavit.
682 1812 737 1855 Et
769 1826 870 1856 cum
903 1809 1104 1871 plerique
1134 1810 1267 1871 patris
1302 1809 1393 1870 ejus
1416 1811 1611 1873 captivi-

331 1898 468 1932 tatem
501 1895 774 1939 moererent,
805 1883 878 1928 ille
916 1882 1056 1944 specie
1098 1883 1301 1939 decoris,
1332 1885 1454 1945 quod
1488 1898 1611 1945 pater

329 1957 426 2015 ejus
461 1956 639 2002 virtutis
670 1955 815 2002 studio
850 1954 1062 2014 deceptus
1090 1954 1343 2011 videretur,
1366 1954 1490 2017 supra
1512 1972 1610 2002 mo·

329 2031 435 2075 dum
461 2030 631 2074 laetatus
654 2029 725 2074 est.
745 2028 987 2074 Constabat
1006 2042 1150 2074 autem
1171 2063 1182 2084 ,
1207 2027 1432 2073 censuram
1455 2044 1610 2088 paren·-

327 2101 386 2148 tis
415 2118 518 2147 eum
549 2100 662 2147 ferre
689 2116 781 2145 non
811 2099 996 2159 potuisse
1017 2135 1029 2153 ,
1056 2101 1153 2145 voti
1166 2116 1359 2162 vumque
1379 2099 1608 2158 illifuiffe,

328 2174 459 2234 quod
488 2172 793 2218 imminentem
834 2171 1088 2218 cervicibus
1119 2172 1202 2218 suis
1237 2172 1500 2235 gravitatem
1530 2189 1609 2235 pa-
1642 2194 1648 2198 -

329 2246 459 2291 triam
494 2262 587 2290 non
618 2244 813 2289 haberet.
1023 2301 1028 2304 p

399 2323 476 2365 lv.
504 2321 583 2365 Per
607 2319 722 2364 idem
744 2331 916 2378 tempus
941 2316 1203 2363 AEmilianus
1228 2317 1344 2379 apud
1362 2318 1607 2380 AEgyptum

331 2391 478 2437 sumlit
506 2390 770 2451 imperium,
802 2390 1034 2450 occupatis
1073 2389 1245 2435 horreis
1277 2390 1412 2434 multa
1442 2388 1608 2448 oppida

331 2463 449 2511 malo
482 2461 611 2510 samis
638 2461 801 2525 preffit.
832 2462 915 2508 Sed
947 2463 1067 2518 hunc
1096 2461 1187 2508 dux
1225 2459 1418 2508 Gallieni
1452 2460 1492 2505 T
1497 2461 1607 2506 heo-
