1714 2807
353 106 385 145 4
547 75 1427 140 AELllsPAhTtANI

352 194 431 241 tim
462 191 664 239 militiam
697 190 825 247 iniit3
851 191 1041 238 venandi
1073 192 1206 255 usque
1242 194 1294 239 ad
1324 195 1630 256 reprehensio-

347 284 448 312 nem
471 264 705 310 studiosus.
724 281 860 326 quare
882 281 904 310 a
921 264 1121 323 Traiano
1143 266 1559 329 abduehisapatria,
1579 270 1630 316 ὅ(

347 357 433 401 pro
462 337 558 383 filio
591 338 796 384 habitus:
824 353 906 383 nec
937 337 1082 383 multo
1105 338 1204 399 post
1230 338 1461 386 decemvir
1482 341 1630 388 litibus

347 409 596 474 judicandis
614 411 762 464 datus;
777 423 910 472 atque
928 410 1029 455 inde
1046 410 1249 457 tribunus
1270 411 1471 459 secundae
1489 412 1630 475 Adju-

348 486 471 534 tricis
488 482 680 546 legionis
707 494 906 529 creatus:
931 482 1028 542 post
1048 483 1141 530 haec
1162 483 1206 528 in
1228 483 1487 532 inferiorem
1508 488 1631 533 Moe-

351 561 454 607 fiam
487 557 750 612 translatus;
778 556 987 603 extremis
1016 555 1101 617 jam
1126 558 1380 605 Domitiani
1410 560 1630 623 tempori-

348 634 457 689 bus,
487 631 546 676 ibi
575 647 598 676 a
627 628 942 675 mathematico
972 629 1198 691 quodam,
1221 630 1275 676 de
1301 630 1452 678 futuro
1485 631 1630 694 impe-

347 706 419 751 rio
450 704 494 749 id
527 702 689 749 dicitur
715 700 1008 763 competisse,
1039 704 1166 764 quod
1199 720 1222 749 a
1249 715 1407 764 patruo
1436 720 1628 767 magno,

348 776 469 824 AElio
489 774 718 821 Hadriano
735 808 748 831 ,
769 772 972 835 peritiam
1006 773 1253 821 coelestium
1273 775 1462 821 callente
1478 811 1493 832 ‚
1514 793 1628 837 prae-

348 850 512 895 dietum
540 847 622 894 effe
649 862 942 909 compererat.
973 845 1170 907 Traiano
1202 863 1226 894 a
1259 849 1411 895 Nerva
1438 849 1629 911 adopta-

350 935 400 968 to
419 957 432 979 ,
464 922 519 967 ad
546 920 892 983 gratulationem
921 919 1140 965 exercitus
1170 918 1345 979 missus,
1376 919 1420 965 in
1446 922 1630 966 Germa-

348 997 468 1043 niam
497 994 768 1058 superiorem
797 994 1028 1040 translatus
1055 992 1140 1039 est:
1161 1009 1216 1039 ex
1247 1009 1331 1055 qua
1349 990 1556 1038 festinans
1574 990 1627 1037 ad

347 1067 620 1128 Traianum,
654 1079 702 1112 ut
735 1066 902 1128 primus
931 1065 1156 1111 nuntiaret
1185 1063 1404 1110 excefl'um
1432 1065 1628 1121 Nervae,

345 1159 372 1188 a
403 1134 624 1187 Serviano
641 1173 654 1196 ‚
682 1137 848 1185 sororis
870 1138 969 1184 viro
991 1173 1003 1193 ‚
1031 1137 1145 1200 (qui
1165 1140 1213 1185 δι
1237 1136 1451 1184 sumtibus
1475 1137 1524 1183 &
1542 1152 1628 1184 aere

348 1215 499 1263 alieno
519 1202 612 1272 ejus
636 1210 821 1273 prodito
839 1246 852 1269 ,
873 1210 1057 1270 Traiani
1079 1211 1233 1258 odium
1259 1210 1305 1256 in
1326 1226 1427 1256 eum
1456 1208 1627 1273 movit)

347 1288 426 1336 diu
455 1286 658 1333 detentus
673 1319 684 1340 ‚
706 1283 934 1347 finitoque
954 1284 1153 1331 consulte
1174 1284 1386 1331 vehiculo
1409 1284 1627 1341 tardatus,
1693 1288 1696 1289 ’

343 1357 535 1423 pedibus
573 1355 654 1403 iter
693 1353 889 1411 faciens,
920 1353 1113 1415 ejusdem
1152 1354 1354 1404 Serviani
1387 1354 1628 1403 beneficia-

347 1431 460 1478 rium
491 1426 749 1483 antevenit3
774 1427 948 1491 fuitque
967 1429 1014 1475 in
1044 1444 1199 1475 amore
1217 1426 1399 1488 Traiani
1420 1444 1432 1474 :
1459 1443 1541 1474 nec
1566 1439 1627 1473 ta-

347 1522 451 1568 men
477 1503 517 1550 ei
548 1519 625 1564 per
655 1502 926 1564 paedagogos
958 1518 1231 1562 puerorum,
1258 1516 1373 1563 quos
1406 1498 1627 1561 Trajanus
1667 1557 1671 1560 .

345 1575 584 1641 impensius
606 1574 839 1639 diligebat,
860 1575 994 1621 Gallo
1015 1575 1193 1621 favente
1216 1573 1369 1620 defuit.
1389 1574 1497 1634 Quo
1523 1573 1628 1637 qui-

346 1649 447 1696 dem
477 1662 707 1710 tempore,
739 1663 841 1695 cum
872 1647 1091 1694 sollicitus
1124 1649 1176 1694 de
1206 1647 1490 1709 Imperatoris
1526 1662 1627 1711 erga

320 1747 325 1750 ·
347 1724 391 1771 se
422 1719 592 1781 judicio
609 1755 624 1779 ,
653 1719 923 1783 Virgilianas
950 1719 1089 1767 sortes
1119 1719 1370 1768 consuleret
1387 1753 1403 1777 ‚

416 1794 529 1855 Quis
549 1797 696 1853 procul
725 1796 791 1838 ille
819 1808 955 1837 autem
983 1795 1111 1837 ramis
1131 1792 1303 1856 itzsz'fflzis
1331 1793 1446 1837 olivae

348 1925 359 1933 β
415 1873 549 1914 Sacra
564 1868 703 1927 fiscus
721 1869 746 1913 ἓ
771 1868 896 1927 nosco
927 1870 1054 1912 crines
1082 1870 1309 1928 incanaque
1329 1881 1466 1910 menta

373 1934 376 1938 ’
413 1942 542 2002 Regis
570 1941 783 1997 Romani,
801 1942 983 1999 primam
1014 1942 1084 1999 qui
1103 1940 1255 1999 legibus
1286 1940 1439 1985 Urbem

412 2015 624 2058 Fundabic
640 2047 653 2069 ,
687 2015 859 2059 Curibus
876 2013 1026 2073 parvis
1054 2010 1094 2057 θ’
1108 2031 1287 2072 paupere
1315 2027 1419 2056 terra

411 2084 565 2149 Miffus
593 2088 639 2131 in
671 2088 886 2145 imperium
912 2104 1134 2147 magnum,
1161 2089 1226 2131 cui
1245 2089 1387 2132 deinde
1402 2086 1591 2145 subibit,

345 2157 439 2206 sors
469 2158 668 2207 excidit:
705 2175 837 2221 quam
878 2158 951 2205 alii
987 2175 1042 2204 ex
1080 2158 1311 2222 Sibyllinis
1349 2159 1551 2205 versibus
1584 2159 1622 2204 ei

344 2228 602 2292 provenisse
632 2229 856 2277 dixerunt.
888 2231 1054 2276 Habuit
1081 2244 1226 2277 autem
1264 2231 1621 2294 praesumtionem

343 2301 520 2363 imperii
543 2318 650 2348 mox
677 2301 844 2361 futuri,
864 2319 918 2349 ex
945 2302 1052 2349 fano
1080 2318 1260 2365 quoque
1280 2302 1525 2363 Nicephori
1547 2303 1622 2347 Jo-

345 2374 416 2438 vis
438 2387 641 2424 manante
662 2375 900 2439 responso,
922 2375 1348 2441 quodsspollonius
1376 2377 1509 2438 Syrus
1527 2373 1620 2419 Pla·
1660 2415 1670 2421 ,
1710 2381 1712 2383 ’
