<?xml version="1.0" encoding="UTF-8"?>
<!DOCTYPE html PUBLIC "-//W3C//DTD XHTML 1.0 Transitional//EN"
    "http://www.w3.org/TR/xhtml1/DTD/xhtml1-transitional.dtd">
<html xmlns="http://www.w3.org/1999/xhtml" xml:lang="en" lang="en">
 <head>
  <title>
</title>
<meta http-equiv="Content-Type" content="text/html;charset=utf-8" />
  <meta name='ocr-system' content='tesseract 3.04.00' />
  <meta name='ocr-capabilities' content='ocr_page ocr_carea ocr_par ocr_line ocrx_word'/>
</head>
<body>
  <div class='ocr_page' id='page_1' title='image "./historiaeaugusta00bipouoft_0414.png"; bbox 0 0 1714 2807; ppageno 0'>
   <div class='ocr_carea' id='block_1_1' title="bbox 312 163 1321 215">
    <p class='ocr_par' dir='ltr' id='par_1_1' title="bbox 312 163 1321 215">
     <span class='ocr_line' id='line_1_1' title="bbox 312 163 1321 215; baseline 0.003 -3"><span class='ocrx_word' id='word_1_1' title='bbox 312 177 373 212; x_wconf 83' lang='lat'>22</span> <span class='ocrx_word' id='word_1_2' title='bbox 558 163 769 212; x_wconf 80' lang='lat' dir='ltr'>JULII</span> <span class='ocrx_word' id='word_1_3' title='bbox 812 164 1321 215; x_wconf 83' lang='lat' dir='ltr'>CAP1TOL1N1</span> 
     </span>
    </p>
   </div>
   <div class='ocr_carea' id='block_1_2' title="bbox 302 268 1598 2534">
    <p class='ocr_par' dir='ltr' id='par_1_2' title="bbox 306 268 1598 1205">
     <span class='ocr_line' id='line_1_2' title="bbox 312 268 1586 334; baseline 0.003 -17"><span class='ocrx_word' id='word_1_4' title='bbox 312 270 364 317; x_wconf 88' lang='lat'>&amp;</span> <span class='ocrx_word' id='word_1_5' title='bbox 397 268 581 334; x_wconf 88' lang='lat' dir='ltr'>collegis</span> <span class='ocrx_word' id='word_1_6' title='bbox 616 270 729 327; x_wconf 81' lang='lat' dir='ltr'>suis,</span> <span class='ocrx_word' id='word_1_7' title='bbox 762 271 935 321; x_wconf 89' lang='lat' dir='ltr'>occisos</span> <span class='ocrx_word' id='word_1_8' title='bbox 973 285 1120 321; x_wconf 87' lang='lat' dir='ltr'>autem</span> <span class='ocrx_word' id='word_1_9' title='bbox 1153 273 1237 320; x_wconf 81' lang='lat' dir='ltr'>effe</span> <span class='ocrx_word' id='word_1_10' title='bbox 1274 272 1586 333; x_wconf 60' lang='lat' dir='ltr'>Maximinosg</span> 
     </span>
     <span class='ocr_line' id='line_1_3' title="bbox 309 342 1598 408; baseline 0.002 -20"><span class='ocrx_word' id='word_1_11' title='bbox 309 342 452 389; x_wconf 79' lang='lat' dir='ltr'>statim</span> <span class='ocrx_word' id='word_1_12' title='bbox 479 343 658 391; x_wconf 87' lang='lat' dir='ltr'>dimiflis</span> <span class='ocrx_word' id='word_1_13' title='bbox 677 346 1008 394; x_wconf 84' lang='lat' dir='ltr'>Germanorum</span> <span class='ocrx_word' id='word_1_14' title='bbox 1026 346 1204 393; x_wconf 86' lang='lat' dir='ltr'>auxiliis</span> <span class='ocrx_word' id='word_1_15' title='bbox 1218 381 1232 403; x_wconf 91' lang='lat'>,</span> <span class='ocrx_word' id='word_1_16' title='bbox 1251 362 1351 408; x_wconf 87' lang='lat' dir='ltr'>quae</span> <span class='ocrx_word' id='word_1_17' title='bbox 1369 345 1447 393; x_wconf 81' lang='lat' dir='ltr'>fibi</span> <span class='ocrx_word' id='word_1_18' title='bbox 1466 362 1598 394; x_wconf 82' lang='lat' dir='ltr'>con-.</span> 
     </span>
     <span class='ocr_line' id='line_1_4' title="bbox 308 416 1588 480; baseline 0.003 -18"><span class='ocrx_word' id='word_1_19' title='bbox 308 429 377 463; x_wconf 85' lang='lat' dir='ltr'>tra</span> <span class='ocrx_word' id='word_1_20' title='bbox 406 416 575 463; x_wconf 82' lang='lat' dir='ltr'>hostem</span> <span class='ocrx_word' id='word_1_21' title='bbox 606 432 863 480; x_wconf 87' lang='lat' dir='ltr'>paraverat,</span> <span class='ocrx_word' id='word_1_22' title='bbox 888 420 1076 466; x_wconf 82' lang='lat' dir='ltr'>Romam</span> <span class='ocrx_word' id='word_1_23' title='bbox 1096 419 1308 467; x_wconf 88' lang='lat' dir='ltr'>laureatas</span> <span class='ocrx_word' id='word_1_24' title='bbox 1337 420 1484 468; x_wconf 85' lang='lat' dir='ltr'>literas</span> <span class='ocrx_word' id='word_1_25' title='bbox 1502 419 1588 466; x_wconf 90' lang='lat' dir='ltr'>mi-</span> 
     </span>
     <span class='ocr_line' id='line_1_5' title="bbox 308 487 1587 557; baseline 0.003 -23"><span class='ocrx_word' id='word_1_26' title='bbox 308 487 384 536; x_wconf 84' lang='lat' dir='ltr'>fit:</span> <span class='ocrx_word' id='word_1_27' title='bbox 409 505 508 552; x_wconf 85' lang='lat' dir='ltr'>quae</span> <span class='ocrx_word' id='word_1_28' title='bbox 536 490 582 538; x_wconf 87' lang='lat' dir='ltr'>in</span> <span class='ocrx_word' id='word_1_29' title='bbox 614 491 740 539; x_wconf 85' lang='lat' dir='ltr'>Urbe</span> <span class='ocrx_word' id='word_1_30' title='bbox 778 492 1001 557; x_wconf 85' lang='lat' dir='ltr'>ingentem</span> <span class='ocrx_word' id='word_1_31' title='bbox 1032 492 1229 539; x_wconf 85' lang='lat' dir='ltr'>laetitiam</span> <span class='ocrx_word' id='word_1_32' title='bbox 1263 491 1501 549; x_wconf 88' lang='lat' dir='ltr'>fecerunt,</span> <span class='ocrx_word' id='word_1_33' title='bbox 1524 491 1587 538; x_wconf 86' lang='lat' dir='ltr'>ita</span> 
     </span>
     <span class='ocr_line' id='line_1_6' title="bbox 308 566 1586 628; baseline 0.005 -20"><span class='ocrx_word' id='word_1_34' title='bbox 308 574 359 608; x_wconf 87' lang='lat' dir='ltr'>ut</span> <span class='ocrx_word' id='word_1_35' title='bbox 388 579 546 612; x_wconf 87' lang='lat' dir='ltr'>omnes</span> <span class='ocrx_word' id='word_1_36' title='bbox 573 581 652 627; x_wconf 87' lang='lat' dir='ltr'>per</span> <span class='ocrx_word' id='word_1_37' title='bbox 677 582 800 625; x_wconf 87' lang='lat' dir='ltr'>aras,</span> <span class='ocrx_word' id='word_1_38' title='bbox 826 569 874 614; x_wconf 77' lang='grc' dir='ltr'>δι</span> <span class='ocrx_word' id='word_1_39' title='bbox 900 567 1089 628; x_wconf 86' lang='lat' dir='ltr'>templa,</span> <span class='ocrx_word' id='word_1_40' title='bbox 1115 568 1163 615; x_wconf 83' lang='grc' dir='ltr'>δι</span> <span class='ocrx_word' id='word_1_41' title='bbox 1195 567 1375 623; x_wconf 91' lang='lat' dir='ltr'>sacella,</span> <span class='ocrx_word' id='word_1_42' title='bbox 1399 568 1448 615; x_wconf 76' lang='grc' dir='ltr'>δι</span> <span class='ocrx_word' id='word_1_43' title='bbox 1481 566 1586 614; x_wconf 81' lang='lat' dir='ltr'>loca</span> 
     </span>
     <span class='ocr_line' id='line_1_7' title="bbox 307 636 1588 703; baseline 0.002 -20"><span class='ocrx_word' id='word_1_44' title='bbox 307 636 511 700; x_wconf 86' lang='lat' dir='ltr'>religiosa</span> <span class='ocrx_word' id='word_1_45' title='bbox 524 673 538 696; x_wconf 95' lang='lat'><strong>,</strong></span> <span class='ocrx_word' id='word_1_46' title='bbox 557 638 715 701; x_wconf 81' lang='lat' dir='ltr'>gratias</span> <span class='ocrx_word' id='word_1_47' title='bbox 735 653 923 703; x_wconf 84' lang='lat' dir='ltr'>agerent.</span> <span class='ocrx_word' id='word_1_48' title='bbox 949 640 1158 687; x_wconf 84' lang='lat' dir='ltr'>Balbinus</span> <span class='ocrx_word' id='word_1_49' title='bbox 1174 653 1320 688; x_wconf 87' lang='lat' dir='ltr'>autem</span> <span class='ocrx_word' id='word_1_50' title='bbox 1335 677 1349 698; x_wconf 88' lang='lat'><em>,</em></span> <span class='ocrx_word' id='word_1_51' title='bbox 1366 642 1506 688; x_wconf 89' lang='lat' dir='ltr'>homo</span> <span class='ocrx_word' id='word_1_52' title='bbox 1526 639 1588 686; x_wconf 77' lang='lat' dir='ltr'>ti·¹</span> 
     </span>
     <span class='ocr_line' id='line_1_8' title="bbox 306 709 1586 775; baseline 0.003 -19"><span class='ocrx_word' id='word_1_53' title='bbox 306 709 474 756; x_wconf 88' lang='lat' dir='ltr'>midior</span> <span class='ocrx_word' id='word_1_54' title='bbox 500 724 682 770; x_wconf 85' lang='lat' dir='ltr'>natura,</span> <span class='ocrx_word' id='word_1_55' title='bbox 714 714 763 761; x_wconf 74' lang='grc' dir='ltr'>δι</span> <span class='ocrx_word' id='word_1_56' title='bbox 790 713 894 775; x_wconf 89' lang='lat' dir='ltr'>qui,</span> <span class='ocrx_word' id='word_1_57' title='bbox 914 730 1015 761; x_wconf 90' lang='lat' dir='ltr'>cum</span> <span class='ocrx_word' id='word_1_58' title='bbox 1038 713 1275 760; x_wconf 85' lang='lat' dir='ltr'>Maximini</span> <span class='ocrx_word' id='word_1_59' title='bbox 1307 731 1474 762; x_wconf 89' lang='lat' dir='ltr'>nomen</span> <span class='ocrx_word' id='word_1_60' title='bbox 1505 730 1586 761; x_wconf 86' lang='lat' dir='ltr'>au-</span> 
     </span>
     <span class='ocr_line' id='line_1_9' title="bbox 306 781 1588 850; baseline 0.005 -23"><span class='ocrx_word' id='word_1_61' title='bbox 306 781 446 839; x_wconf 88' lang='lat' dir='ltr'>diret,</span> <span class='ocrx_word' id='word_1_62' title='bbox 469 784 600 829; x_wconf 85' lang='lat' dir='ltr'>etiam</span> <span class='ocrx_word' id='word_1_63' title='bbox 627 796 860 841; x_wconf 89' lang='lat' dir='ltr'>tremeret,</span> <span class='ocrx_word' id='word_1_64' title='bbox 886 786 1178 834; x_wconf 87' lang='lat' dir='ltr'>hecatomben</span> <span class='ocrx_word' id='word_1_65' title='bbox 1213 786 1319 834; x_wconf 89' lang='lat' dir='ltr'>fecit</span> <span class='ocrx_word' id='word_1_66' title='bbox 1336 823 1348 843; x_wconf 92' lang='lat'>,</span> <span class='ocrx_word' id='word_1_67' title='bbox 1377 786 1588 850; x_wconf 74' lang='lat' dir='ltr'>jussitque</span> 
     </span>
     <span class='ocr_line' id='line_1_10' title="bbox 306 857 1589 921; baseline 0.002 -21"><span class='ocrx_word' id='word_1_68' title='bbox 306 871 389 917; x_wconf 90' lang='lat' dir='ltr'>per</span> <span class='ocrx_word' id='word_1_69' title='bbox 411 871 569 904; x_wconf 90' lang='lat' dir='ltr'>omnes</span> <span class='ocrx_word' id='word_1_70' title='bbox 589 857 791 904; x_wconf 87' lang='lat' dir='ltr'>civitates</span> <span class='ocrx_word' id='word_1_71' title='bbox 815 858 909 921; x_wconf 90' lang='lat' dir='ltr'>pari</span> <span class='ocrx_word' id='word_1_72' title='bbox 935 857 1172 921; x_wconf 86' lang='lat' dir='ltr'>supplicari</span> <span class='ocrx_word' id='word_1_73' title='bbox 1197 857 1426 909; x_wconf 85' lang='lat' dir='ltr'>sacrificio.</span> <span class='ocrx_word' id='word_1_74' title='bbox 1441 858 1589 906; x_wconf 87' lang='lat' dir='ltr'>Dein-</span> 
     </span>
     <span class='ocr_line' id='line_1_11' title="bbox 309 927 1589 996; baseline 0.003 -23"><span class='ocrx_word' id='word_1_75' title='bbox 309 927 366 973; x_wconf 89' lang='lat' dir='ltr'>de</span> <span class='ocrx_word' id='word_1_76' title='bbox 392 929 617 977; x_wconf 85' lang='lat' dir='ltr'>Maximus</span> <span class='ocrx_word' id='word_1_77' title='bbox 635 931 828 978; x_wconf 88' lang='lat' dir='ltr'>Romam</span> <span class='ocrx_word' id='word_1_78' title='bbox 858 930 1006 988; x_wconf 87' lang='lat' dir='ltr'>venit,</span> <span class='ocrx_word' id='word_1_79' title='bbox 1028 932 1327 995; x_wconf 73' lang='lat' dir='ltr'>senatumque</span> <span class='ocrx_word' id='word_1_80' title='bbox 1347 931 1589 996; x_wconf 73' lang='lat' dir='ltr'>ingressus,</span> 
     </span>
     <span class='ocr_line' id='line_1_12' title="bbox 308 999 1587 1068; baseline 0.005 -24"><span class='ocrx_word' id='word_1_81' title='bbox 308 999 414 1046; x_wconf 73' lang='lat' dir='ltr'>affis</span> <span class='ocrx_word' id='word_1_82' title='bbox 441 1001 518 1048; x_wconf 83' lang='lat' dir='ltr'>fibi</span> <span class='ocrx_word' id='word_1_83' title='bbox 548 1003 695 1066; x_wconf 88' lang='lat' dir='ltr'>gratiis</span> <span class='ocrx_word' id='word_1_84' title='bbox 713 1039 726 1058; x_wconf 88' lang='lat'>‚</span> <span class='ocrx_word' id='word_1_85' title='bbox 754 1003 1025 1052; x_wconf 84' lang='lat' dir='ltr'>concionem</span> <span class='ocrx_word' id='word_1_86' title='bbox 1053 1004 1236 1052; x_wconf 80' lang='lat' dir='ltr'>habuit:</span> <span class='ocrx_word' id='word_1_87' title='bbox 1255 1017 1387 1068; x_wconf 86' lang='lat' dir='ltr'>atque</span> <span class='ocrx_word' id='word_1_88' title='bbox 1418 1004 1520 1051; x_wconf 90' lang='lat' dir='ltr'>inde</span> <span class='ocrx_word' id='word_1_89' title='bbox 1539 1004 1587 1051; x_wconf 91' lang='lat' dir='ltr'>in</span> 
     </span>
     <span class='ocr_line' id='line_1_13' title="bbox 310 1070 1589 1127; baseline 0.006 -12"><span class='ocrx_word' id='word_1_90' title='bbox 310 1070 527 1120; x_wconf 82' lang='lat' dir='ltr'>Palatium</span> <span class='ocrx_word' id='word_1_91' title='bbox 558 1091 658 1123; x_wconf 84' lang='lat' dir='ltr'>curn</span> <span class='ocrx_word' id='word_1_92' title='bbox 680 1076 871 1123; x_wconf 87' lang='lat' dir='ltr'>Balbino</span> <span class='ocrx_word' id='word_1_93' title='bbox 889 1077 939 1124; x_wconf 84' lang='lat'>&amp;</span> <span class='ocrx_word' id='word_1_94' title='bbox 964 1076 1205 1125; x_wconf 83' lang='lat' dir='ltr'>Gordiano</span> <span class='ocrx_word' id='word_1_95' title='bbox 1231 1076 1426 1127; x_wconf 70' lang='lat' dir='ltr'>viCtores</span> <span class='ocrx_word' id='word_1_96' title='bbox 1452 1076 1495 1124; x_wconf 87' lang='lat' dir='ltr'>se</span> <span class='ocrx_word' id='word_1_97' title='bbox 1514 1092 1589 1123; x_wconf 89' lang='lat' dir='ltr'>re-</span> 
     </span>
     <span class='ocr_line' id='line_1_14' title="bbox 308 1159 542 1205; baseline 0.017 -14"><span class='ocrx_word' id='word_1_98' title='bbox 308 1159 542 1205; x_wconf 85' lang='lat' dir='ltr'>ceperunt.</span> 
     </span>
    </p>

    <p class='ocr_par' dir='ltr' id='par_1_3' title="bbox 302 1218 1590 2310">
     <span class='ocr_line' id='line_1_15' title="bbox 370 1218 1588 1285; baseline 0.004 -21"><span class='ocrx_word' id='word_1_99' title='bbox 370 1218 522 1265; x_wconf 86' lang='lat' dir='ltr'>XXV.</span> <span class='ocrx_word' id='word_1_100' title='bbox 542 1219 721 1267; x_wconf 73' lang='lat' dir='ltr'>Interest</span> <span class='ocrx_word' id='word_1_101' title='bbox 739 1219 869 1278; x_wconf 89' lang='lat' dir='ltr'>scire,</span> <span class='ocrx_word' id='word_1_102' title='bbox 886 1221 1014 1285; x_wconf 89' lang='lat' dir='ltr'>quale</span> <span class='ocrx_word' id='word_1_103' title='bbox 1040 1221 1463 1271; x_wconf 84' lang='lat' dir='ltr'>senatusconsultum</span> <span class='ocrx_word' id='word_1_104' title='bbox 1484 1221 1588 1269; x_wconf 86' lang='lat' dir='ltr'>fue-</span> 
     </span>
     <span class='ocr_line' id='line_1_16' title="bbox 305 1289 1589 1355; baseline 0.005 -18"><span class='ocrx_word' id='word_1_105' title='bbox 305 1289 392 1348; x_wconf 87' lang='lat' dir='ltr'>rit,</span> <span class='ocrx_word' id='word_1_106' title='bbox 424 1292 498 1338; x_wconf 92' lang='lat' dir='ltr'>vel</span> <span class='ocrx_word' id='word_1_107' title='bbox 529 1292 607 1355; x_wconf 90' lang='lat' dir='ltr'>qui</span> <span class='ocrx_word' id='word_1_108' title='bbox 636 1294 727 1340; x_wconf 88' lang='lat' dir='ltr'>dies</span> <span class='ocrx_word' id='word_1_109' title='bbox 765 1295 930 1353; x_wconf 80' lang='lat' dir='ltr'>UrbiS,</span> <span class='ocrx_word' id='word_1_110' title='bbox 963 1312 1064 1344; x_wconf 90' lang='lat' dir='ltr'>cum</span> <span class='ocrx_word' id='word_1_111' title='bbox 1096 1296 1156 1343; x_wconf 85' lang='lat' dir='ltr'>est</span> <span class='ocrx_word' id='word_1_112' title='bbox 1184 1296 1413 1343; x_wconf 88' lang='lat' dir='ltr'>nuntiatus</span> <span class='ocrx_word' id='word_1_113' title='bbox 1449 1295 1589 1343; x_wconf 88' lang='lat' dir='ltr'>inter-</span> 
     </span>
     <span class='ocr_line' id='line_1_17' title="bbox 305 1366 1587 1432; baseline 0.003 -22"><span class='ocrx_word' id='word_1_114' title='bbox 305 1377 449 1411; x_wconf 88' lang='lat' dir='ltr'>emtus</span> <span class='ocrx_word' id='word_1_115' title='bbox 471 1366 759 1415; x_wconf 85' lang='lat' dir='ltr'>Maximinus.</span> <span class='ocrx_word' id='word_1_116' title='bbox 792 1371 883 1416; x_wconf 85' lang='lat' dir='ltr'>Jam</span> <span class='ocrx_word' id='word_1_117' title='bbox 916 1370 1107 1432; x_wconf 87' lang='lat' dir='ltr'>primum</span> <span class='ocrx_word' id='word_1_118' title='bbox 1136 1370 1171 1416; x_wconf 93' lang='lat' dir='ltr'>is</span> <span class='ocrx_word' id='word_1_119' title='bbox 1192 1369 1403 1427; x_wconf 87' lang='lat' dir='ltr'>nuntius,</span> <span class='ocrx_word' id='word_1_120' title='bbox 1427 1368 1504 1432; x_wconf 87' lang='lat' dir='ltr'>qui</span> <span class='ocrx_word' id='word_1_121' title='bbox 1528 1383 1587 1415; x_wconf 83' lang='lat' dir='ltr'>ex</span> 
     </span>
     <span class='ocr_line' id='line_1_18' title="bbox 306 1437 1590 1501; baseline 0.003 -17"><span class='ocrx_word' id='word_1_122' title='bbox 306 1437 579 1500; x_wconf 71' lang='lat' dir='ltr'>Aquileiensi</span> <span class='ocrx_word' id='word_1_123' title='bbox 612 1442 718 1487; x_wconf 86' lang='lat' dir='ltr'>urbe</span> <span class='ocrx_word' id='word_1_124' title='bbox 748 1443 939 1488; x_wconf 83' lang='lat' dir='ltr'>Romam</span> <span class='ocrx_word' id='word_1_125' title='bbox 971 1444 1118 1491; x_wconf 84' lang='lat' dir='ltr'>miffus</span> <span class='ocrx_word' id='word_1_126' title='bbox 1143 1442 1317 1501; x_wconf 86' lang='lat' dir='ltr'>fuerat,</span> <span class='ocrx_word' id='word_1_127' title='bbox 1347 1455 1475 1489; x_wconf 88' lang='lat' dir='ltr'>tanto</span> <span class='ocrx_word' id='word_1_128' title='bbox 1503 1441 1590 1488; x_wconf 87' lang='lat' dir='ltr'>im-</span> 
     </span>
     <span class='ocr_line' id='line_1_19' title="bbox 305 1513 1588 1577; baseline 0.005 -22"><span class='ocrx_word' id='word_1_129' title='bbox 305 1523 411 1572; x_wconf 90' lang='lat' dir='ltr'>petu</span> <span class='ocrx_word' id='word_1_130' title='bbox 429 1545 444 1569; x_wconf 91' lang='lat'><strong>,</strong></span> <span class='ocrx_word' id='word_1_131' title='bbox 470 1513 649 1560; x_wconf 87' lang='lat' dir='ltr'>mutaris</span> <span class='ocrx_word' id='word_1_132' title='bbox 681 1513 945 1562; x_wconf 81' lang='lat' dir='ltr'>animalibus</span> <span class='ocrx_word' id='word_1_133' title='bbox 967 1551 979 1571; x_wconf 93' lang='lat'><em>‚</em></span> <span class='ocrx_word' id='word_1_134' title='bbox 1005 1515 1205 1563; x_wconf 81' lang='lat' dir='ltr'>cucurrit</span> <span class='ocrx_word' id='word_1_135' title='bbox 1226 1551 1241 1574; x_wconf 92' lang='lat'>,</span> <span class='ocrx_word' id='word_1_136' title='bbox 1262 1527 1310 1562; x_wconf 88' lang='lat' dir='ltr'>ut</span> <span class='ocrx_word' id='word_1_137' title='bbox 1332 1530 1486 1577; x_wconf 88' lang='lat' dir='ltr'>quarta</span> <span class='ocrx_word' id='word_1_138' title='bbox 1515 1514 1588 1562; x_wconf 82' lang='lat' dir='ltr'>die</span> 
     </span>
     <span class='ocr_line' id='line_1_20' title="bbox 304 1584 1586 1652; baseline 0.004 -22"><span class='ocrx_word' id='word_1_139' title='bbox 304 1584 498 1631; x_wconf 87' lang='lat' dir='ltr'>Romam</span> <span class='ocrx_word' id='word_1_140' title='bbox 527 1587 730 1645; x_wconf 89' lang='lat' dir='ltr'>veniret,</span> <span class='ocrx_word' id='word_1_141' title='bbox 759 1605 859 1635; x_wconf 91' lang='lat' dir='ltr'>cum</span> <span class='ocrx_word' id='word_1_142' title='bbox 890 1589 1005 1652; x_wconf 88' lang='lat' dir='ltr'>apud</span> <span class='ocrx_word' id='word_1_143' title='bbox 1038 1589 1300 1636; x_wconf 88' lang='lat' dir='ltr'>Ravennam</span> <span class='ocrx_word' id='word_1_144' title='bbox 1333 1588 1586 1637; x_wconf 86' lang='lat' dir='ltr'>Maximum</span> 
     </span>
     <span class='ocr_line' id='line_1_21' title="bbox 302 1658 1584 1722; baseline 0.004 -18"><span class='ocrx_word' id='word_1_145' title='bbox 302 1658 560 1722; x_wconf 77' lang='lat' dir='ltr'>reliquisset.</span> <span class='ocrx_word' id='word_1_146' title='bbox 581 1663 626 1709; x_wconf 78' lang='grc' dir='ltr'>δι</span> <span class='ocrx_word' id='word_1_147' title='bbox 645 1661 764 1709; x_wconf 89' lang='lat' dir='ltr'>forte</span> <span class='ocrx_word' id='word_1_148' title='bbox 792 1663 882 1709; x_wconf 89' lang='lat' dir='ltr'>dies</span> <span class='ocrx_word' id='word_1_149' title='bbox 902 1663 1107 1710; x_wconf 89' lang='lat' dir='ltr'>ludorum</span> <span class='ocrx_word' id='word_1_150' title='bbox 1139 1676 1257 1720; x_wconf 86' lang='lat' dir='ltr'>erat,</span> <span class='ocrx_word' id='word_1_151' title='bbox 1279 1679 1379 1709; x_wconf 88' lang='lat' dir='ltr'>cum</span> <span class='ocrx_word' id='word_1_152' title='bbox 1409 1662 1584 1721; x_wconf 86' lang='lat' dir='ltr'>subito,</span> 
     </span>
     <span class='ocr_line' id='line_1_22' title="bbox 302 1730 1586 1792; baseline 0.003 -16"><span class='ocrx_word' id='word_1_153' title='bbox 302 1730 481 1778; x_wconf 81' lang='lat' dir='ltr'>sedente</span> <span class='ocrx_word' id='word_1_154' title='bbox 501 1731 691 1779; x_wconf 89' lang='lat' dir='ltr'>Balbino</span> <span class='ocrx_word' id='word_1_155' title='bbox 711 1735 758 1780; x_wconf 84' lang='lat'>&amp;</span> <span class='ocrx_word' id='word_1_156' title='bbox 781 1733 1020 1781; x_wconf 85' lang='lat' dir='ltr'>Gordiano</span> <span class='ocrx_word' id='word_1_157' title='bbox 1035 1770 1048 1792; x_wconf 92' lang='lat'>‚</span> <span class='ocrx_word' id='word_1_158' title='bbox 1069 1735 1285 1781; x_wconf 85' lang='lat' dir='ltr'>theatrum</span> <span class='ocrx_word' id='word_1_159' title='bbox 1314 1733 1496 1780; x_wconf 87' lang='lat' dir='ltr'>nuntius</span> <span class='ocrx_word' id='word_1_160' title='bbox 1513 1733 1586 1780; x_wconf 89' lang='lat' dir='ltr'>in-</span> 
     </span>
     <span class='ocr_line' id='line_1_23' title="bbox 303 1804 1586 1870; baseline 0.004 -22"><span class='ocrx_word' id='word_1_161' title='bbox 303 1804 468 1866; x_wconf 72' lang='lat' dir='ltr'>gressus</span> <span class='ocrx_word' id='word_1_162' title='bbox 502 1805 593 1853; x_wconf 82' lang='lat' dir='ltr'>est:</span> <span class='ocrx_word' id='word_1_163' title='bbox 622 1819 780 1870; x_wconf 84' lang='lat' dir='ltr'>atque,</span> <span class='ocrx_word' id='word_1_164' title='bbox 809 1821 1045 1870; x_wconf 83' lang='lat' dir='ltr'>antequam</span> <span class='ocrx_word' id='word_1_165' title='bbox 1074 1807 1245 1869; x_wconf 89' lang='lat' dir='ltr'>aliquid</span> <span class='ocrx_word' id='word_1_166' title='bbox 1280 1805 1586 1865; x_wconf 83' lang='lat' dir='ltr'>indicaretur,</span> 
     </span>
     <span class='ocr_line' id='line_1_24' title="bbox 303 1880 1585 1947; baseline 0.004 -24"><span class='ocrx_word' id='word_1_167' title='bbox 303 1880 454 1927; x_wconf 88' lang='lat' dir='ltr'>omnis</span> <span class='ocrx_word' id='word_1_168' title='bbox 484 1882 676 1942; x_wconf 78' lang='lat' dir='ltr'>populus</span> <span class='ocrx_word' id='word_1_169' title='bbox 713 1882 1008 1940; x_wconf 82' lang='lat' dir='ltr'>exclamavit,</span> <span class='ocrx_word' id='word_1_170' title='bbox 1030 1885 1301 1930; x_wconf 79' lang='lat' dir='ltr'>Maximinus</span> <span class='ocrx_word' id='word_1_171' title='bbox 1338 1883 1494 1943; x_wconf 78' lang='lat' dir='ltr'>occisus</span> <span class='ocrx_word' id='word_1_172' title='bbox 1520 1882 1585 1947; x_wconf 84' lang='lat' dir='ltr'>est.</span> 
     </span>
     <span class='ocr_line' id='line_1_25' title="bbox 303 1950 1587 2018; baseline 0.002 -20"><span class='ocrx_word' id='word_1_173' title='bbox 303 1950 365 1998; x_wconf 84' lang='lat' dir='ltr'>ita</span> <span class='ocrx_word' id='word_1_174' title='bbox 386 1953 434 1999; x_wconf 73' lang='grc' dir='ltr'>δε</span> <span class='ocrx_word' id='word_1_175' title='bbox 456 1953 637 2001; x_wconf 85' lang='lat' dir='ltr'>nuntius</span> <span class='ocrx_word' id='word_1_176' title='bbox 665 1970 920 2017; x_wconf 81' lang='lat' dir='ltr'>praeventus</span> <span class='ocrx_word' id='word_1_177' title='bbox 935 1991 948 2015; x_wconf 94' lang='lat'><strong>,</strong></span> <span class='ocrx_word' id='word_1_178' title='bbox 969 1957 1019 2004; x_wconf 89' lang='lat'>&amp;</span> <span class='ocrx_word' id='word_1_179' title='bbox 1048 1959 1342 2018; x_wconf 80' lang='lat' dir='ltr'>Imperatores</span> <span class='ocrx_word' id='word_1_180' title='bbox 1357 1990 1369 2012; x_wconf 92' lang='lat'>,</span> <span class='ocrx_word' id='word_1_181' title='bbox 1386 1954 1461 2018; x_wconf 90' lang='lat' dir='ltr'>qui</span> <span class='ocrx_word' id='word_1_182' title='bbox 1483 1955 1587 2001; x_wconf 87' lang='lat' dir='ltr'>ade-</span> 
     </span>
     <span class='ocr_line' id='line_1_26' title="bbox 303 2027 1586 2090; baseline 0.001 -16"><span class='ocrx_word' id='word_1_183' title='bbox 303 2040 430 2082; x_wconf 84' lang='lat' dir='ltr'>rant,</span> <span class='ocrx_word' id='word_1_184' title='bbox 459 2028 667 2089; x_wconf 82' lang='lat' dir='ltr'>gaudium</span> <span class='ocrx_word' id='word_1_185' title='bbox 698 2029 926 2090; x_wconf 87' lang='lat' dir='ltr'>publicum</span> <span class='ocrx_word' id='word_1_186' title='bbox 958 2041 1067 2076; x_wconf 85' lang='lat' dir='ltr'>nutu</span> <span class='ocrx_word' id='word_1_187' title='bbox 1095 2030 1143 2076; x_wconf 87' lang='lat'>&amp;</span> <span class='ocrx_word' id='word_1_188' title='bbox 1176 2027 1390 2076; x_wconf 88' lang='lat' dir='ltr'>consensu</span> <span class='ocrx_word' id='word_1_189' title='bbox 1418 2027 1586 2076; x_wconf 83' lang='lat' dir='ltr'>indica·</span> 
     </span>
     <span class='ocr_line' id='line_1_27' title="bbox 306 2100 1585 2164; baseline 0.001 -17"><span class='ocrx_word' id='word_1_190' title='bbox 306 2112 482 2147; x_wconf 85' lang='lat' dir='ltr'>verunt.</span> <span class='ocrx_word' id='word_1_191' title='bbox 510 2100 670 2147; x_wconf 80' lang='lat' dir='ltr'>Soluto</span> <span class='ocrx_word' id='word_1_192' title='bbox 704 2101 838 2164; x_wconf 84' lang='lat' dir='ltr'>igitur</span> <span class='ocrx_word' id='word_1_193' title='bbox 866 2102 1112 2164; x_wconf 59' lang='lat' dir='ltr'>spectaculo</span> <span class='ocrx_word' id='word_1_194' title='bbox 1132 2137 1145 2159; x_wconf 93' lang='lat'>,</span> <span class='ocrx_word' id='word_1_195' title='bbox 1174 2118 1331 2148; x_wconf 81' lang='lat' dir='ltr'>omnes</span> <span class='ocrx_word' id='word_1_196' title='bbox 1363 2101 1502 2148; x_wconf 77' lang='lat' dir='ltr'>{latim</span> <span class='ocrx_word' id='word_1_197' title='bbox 1529 2101 1585 2148; x_wconf 85' lang='lat' dir='ltr'>ad</span> 
     </span>
     <span class='ocr_line' id='line_1_28' title="bbox 306 2172 1586 2238; baseline 0.002 -19"><span class='ocrx_word' id='word_1_198' title='bbox 306 2172 400 2219; x_wconf 81' lang='lat' dir='ltr'>suas</span> <span class='ocrx_word' id='word_1_199' title='bbox 422 2174 659 2237; x_wconf 79' lang='lat' dir='ltr'>religiones</span> <span class='ocrx_word' id='word_1_200' title='bbox 681 2175 1016 2223; x_wconf 83' lang='lat' dir='ltr'>convolarunt:</span> <span class='ocrx_word' id='word_1_201' title='bbox 1040 2189 1170 2238; x_wconf 85' lang='lat' dir='ltr'>atque</span> <span class='ocrx_word' id='word_1_202' title='bbox 1201 2175 1304 2222; x_wconf 89' lang='lat' dir='ltr'>inde</span> <span class='ocrx_word' id='word_1_203' title='bbox 1327 2176 1511 2221; x_wconf 88' lang='lat' dir='ltr'>Senatus</span> <span class='ocrx_word' id='word_1_204' title='bbox 1529 2175 1586 2221; x_wconf 86' lang='lat' dir='ltr'>ad</span> 
     </span>
     <span class='ocr_line' id='line_1_29' title="bbox 304 2247 1518 2310; baseline 0.001 -16"><span class='ocrx_word' id='word_1_205' title='bbox 304 2247 585 2308; x_wconf 86' lang='lat' dir='ltr'>Principem,</span> <span class='ocrx_word' id='word_1_206' title='bbox 617 2249 808 2310; x_wconf 79' lang='lat' dir='ltr'>populus</span> <span class='ocrx_word' id='word_1_207' title='bbox 836 2250 889 2295; x_wconf 91' lang='lat' dir='ltr'>ad</span> <span class='ocrx_word' id='word_1_208' title='bbox 911 2249 1182 2296; x_wconf 73' lang='lat' dir='ltr'>concionem</span> <span class='ocrx_word' id='word_1_209' title='bbox 1211 2262 1518 2297; x_wconf 86' lang='lat' dir='ltr'>cucurrerunt.</span> 
     </span>
    </p>

    <p class='ocr_par' dir='ltr' id='par_1_4' title="bbox 303 2321 1582 2534">
     <span class='ocr_line' id='line_1_30' title="bbox 379 2321 1582 2372; baseline 0.002 -4"><span class='ocrx_word' id='word_1_210' title='bbox 379 2323 553 2371; x_wconf 85' lang='lat' dir='ltr'>XXVl.</span> <span class='ocrx_word' id='word_1_211' title='bbox 584 2323 1016 2371; x_wconf 84' lang='lat' dir='ltr'>Senatusconsultum</span> <span class='ocrx_word' id='word_1_212' title='bbox 1050 2325 1136 2372; x_wconf 82' lang='lat' dir='ltr'>hoc</span> <span class='ocrx_word' id='word_1_213' title='bbox 1166 2323 1265 2371; x_wconf 88' lang='lat' dir='ltr'>fuit.</span> <span class='ocrx_word' id='word_1_214' title='bbox 1298 2321 1510 2369; x_wconf 85' lang='lat' dir='ltr'>Recitatis</span> <span class='ocrx_word' id='word_1_215' title='bbox 1535 2321 1582 2370; x_wconf 82' lang='lat' dir='ltr'>in</span> 
     </span>
     <span class='ocr_line' id='line_1_31' title="bbox 303 2394 1582 2459; baseline 0.002 -19"><span class='ocrx_word' id='word_1_216' title='bbox 303 2394 464 2440; x_wconf 85' lang='lat' dir='ltr'>Senatu</span> <span class='ocrx_word' id='word_1_217' title='bbox 498 2411 575 2456; x_wconf 83' lang='lat' dir='ltr'>per</span> <span class='ocrx_word' id='word_1_218' title='bbox 602 2395 833 2441; x_wconf 84' lang='lat' dir='ltr'>Balbinum</span> <span class='ocrx_word' id='word_1_219' title='bbox 867 2396 1108 2459; x_wconf 78' lang='lat' dir='ltr'>Augustum</span> <span class='ocrx_word' id='word_1_220' title='bbox 1128 2397 1264 2442; x_wconf 82' lang='lat' dir='ltr'>literis</span> <span class='ocrx_word' id='word_1_221' title='bbox 1283 2431 1296 2453; x_wconf 72' lang='grc'>,</span> <span class='ocrx_word' id='word_1_222' title='bbox 1319 2394 1582 2442; x_wconf 75' lang='lat' dir='ltr'>acclamavit</span> 
     </span>
     <span class='ocr_line' id='line_1_32' title="bbox 304 2465 1582 2534; baseline 0.002 -24"><span class='ocrx_word' id='word_1_223' title='bbox 304 2465 485 2513; x_wconf 81' lang='lat' dir='ltr'>Senatus</span> <span class='ocrx_word' id='word_1_224' title='bbox 502 2484 512 2515; x_wconf 74' lang='grc' dir='ltr'><strong><em>ε</em></strong></span> <span class='ocrx_word' id='word_1_225' title='bbox 528 2468 676 2534; x_wconf 70' lang='lat' dir='ltr'>Hqstes</span> <span class='ocrx_word' id='word_1_226' title='bbox 680 2470 831 2530; x_wconf 80' lang='lat' dir='ltr'>populi</span> <span class='ocrx_word' id='word_1_227' title='bbox 852 2469 1038 2515; x_wconf 78' lang='lat' dir='ltr'>Romani</span> <span class='ocrx_word' id='word_1_228' title='bbox 1052 2469 1149 2530; x_wconf 68' lang='lat' dir='ltr'>Dii}</span> <span class='ocrx_word' id='word_1_229' title='bbox 1151 2469 1453 2531; x_wconf 62' lang='lat' dir='ltr'>persequuntur.</span> <span class='ocrx_word' id='word_1_230' title='bbox 1473 2467 1582 2529; x_wconf 84' lang='lat' dir='ltr'><em>Jup-</em></span> 
     </span>
    </p>
   </div>
  </div>
 </body>
</html>
