<?xml version="1.0" encoding="UTF-8"?>
<!DOCTYPE html PUBLIC "-//W3C//DTD XHTML 1.0 Transitional//EN"
    "http://www.w3.org/TR/xhtml1/DTD/xhtml1-transitional.dtd">
<html xmlns="http://www.w3.org/1999/xhtml" xml:lang="en" lang="en">
 <head>
  <title>
</title>
<meta http-equiv="Content-Type" content="text/html;charset=utf-8" />
  <meta name='ocr-system' content='tesseract 3.04.00' />
  <meta name='ocr-capabilities' content='ocr_page ocr_carea ocr_par ocr_line ocrx_word'/>
</head>
<body>
  <div class='ocr_page' id='page_1' title='image "./historiaeaugusta00bipouoft_0584.png"; bbox 0 0 1714 2807; ppageno 0'>
   <div class='ocr_carea' id='block_1_1' title="bbox 342 145 1431 198">
    <p class='ocr_par' dir='ltr' id='par_1_1' title="bbox 342 145 1431 198">
     <span class='ocr_line' id='line_1_1' title="bbox 342 145 1431 198; baseline 0.004 -5"><span class='ocrx_word' id='word_1_1' title='bbox 342 145 431 194; x_wconf 78' lang='lat'>180</span> <span class='ocrx_word' id='word_1_2' title='bbox 571 148 1431 198; x_wconf 81' lang='lat' dir='ltr'>FLAVIIVOPISCI</span> 
     </span>
    </p>
   </div>
   <div class='ocr_carea' id='block_1_2' title="bbox 310 242 1675 2509">
    <p class='ocr_par' dir='ltr' id='par_1_2' title="bbox 332 242 1625 388">
     <span class='ocr_line' id='line_1_2' title="bbox 332 242 1625 319; baseline 0.003 -17"><span class='ocrx_word' id='word_1_3' title='bbox 332 253 585 302; x_wconf 79' lang='lat' dir='ltr'>Heracliam</span> <span class='ocrx_word' id='word_1_4' title='bbox 603 255 649 301; x_wconf 71' lang='grc' dir='ltr'>δι</span> <span class='ocrx_word' id='word_1_5' title='bbox 667 242 935 319; x_wconf 61' lang='grc' dir='ltr'>Βγῑεῖὲῐὶυῐη</span> <span class='ocrx_word' id='word_1_6' title='bbox 949 291 963 315; x_wconf 95' lang='grc'><strong>,</strong></span> <span class='ocrx_word' id='word_1_7' title='bbox 983 255 1149 303; x_wconf 87' lang='lat' dir='ltr'>malitia</span> <span class='ocrx_word' id='word_1_8' title='bbox 1170 256 1339 303; x_wconf 88' lang='lat' dir='ltr'>notarii</span> <span class='ocrx_word' id='word_1_9' title='bbox 1353 255 1441 311; x_wconf 87' lang='lat' dir='ltr'>sui,</span> <span class='ocrx_word' id='word_1_10' title='bbox 1459 258 1509 306; x_wconf 88' lang='lat'>&amp;</span> <span class='ocrx_word' id='word_1_11' title='bbox 1527 273 1625 306; x_wconf 86' lang='lat' dir='ltr'>ma·</span> 
     </span>
     <span class='ocr_line' id='line_1_3' title="bbox 332 328 1061 388; baseline 0 -12"><span class='ocrx_word' id='word_1_12' title='bbox 332 345 397 376; x_wconf 88' lang='lat' dir='ltr'>nu</span> <span class='ocrx_word' id='word_1_13' title='bbox 418 328 679 388; x_wconf 78' lang='lat' dir='ltr'>Mucaporis</span> <span class='ocrx_word' id='word_1_14' title='bbox 703 328 967 375; x_wconf 76' lang='lat' dir='ltr'>interemtus</span> <span class='ocrx_word' id='word_1_15' title='bbox 987 329 1061 376; x_wconf 85' lang='lat' dir='ltr'>est.</span> 
     </span>
    </p>

    <p class='ocr_par' dir='ltr' id='par_1_3' title="bbox 310 400 1675 2211">
     <span class='ocr_line' id='line_1_4' title="bbox 397 400 1625 465; baseline 0.002 -17"><span class='ocrx_word' id='word_1_16' title='bbox 397 402 622 448; x_wconf 82' lang='lat' dir='ltr'>XXXVI.</span> <span class='ocrx_word' id='word_1_17' title='bbox 650 402 704 447; x_wconf 83' lang='lat' dir='ltr'>Et</span> <span class='ocrx_word' id='word_1_18' title='bbox 724 401 850 448; x_wconf 88' lang='lat' dir='ltr'>causa</span> <span class='ocrx_word' id='word_1_19' title='bbox 871 400 1108 449; x_wconf 87' lang='lat' dir='ltr'>occidendi</span> <span class='ocrx_word' id='word_1_20' title='bbox 1135 400 1229 462; x_wconf 89' lang='lat' dir='ltr'>ejus</span> <span class='ocrx_word' id='word_1_21' title='bbox 1260 418 1358 465; x_wconf 86' lang='lat' dir='ltr'>quae</span> <span class='ocrx_word' id='word_1_22' title='bbox 1388 400 1546 458; x_wconf 84' lang='lat' dir='ltr'>fuerit,</span> <span class='ocrx_word' id='word_1_23' title='bbox 1573 402 1625 450; x_wconf 88' lang='lat'>&amp;</span> 
     </span>
     <span class='ocr_line' id='line_1_5' title="bbox 330 474 1626 539; baseline -0.001 -18"><span class='ocrx_word' id='word_1_24' title='bbox 330 475 710 539; x_wconf 80' lang='lat' dir='ltr'>quemadmodum</span> <span class='ocrx_word' id='word_1_25' title='bbox 731 474 780 520; x_wconf 84' lang='lat' dir='ltr'>fit</span> <span class='ocrx_word' id='word_1_26' title='bbox 800 474 974 522; x_wconf 88' lang='lat' dir='ltr'>occisus</span> <span class='ocrx_word' id='word_1_27' title='bbox 990 510 1002 530; x_wconf 88' lang='lat'>,</span> <span class='ocrx_word' id='word_1_28' title='bbox 1024 491 1080 521; x_wconf 90' lang='lat' dir='ltr'>ne</span> <span class='ocrx_word' id='word_1_29' title='bbox 1111 491 1177 521; x_wconf 89' lang='lat' dir='ltr'>res</span> <span class='ocrx_word' id='word_1_30' title='bbox 1198 487 1316 521; x_wconf 80' lang='lat' dir='ltr'>tanta</span> <span class='ocrx_word' id='word_1_31' title='bbox 1343 475 1498 532; x_wconf 86' lang='lat' dir='ltr'>lateat,</span> <span class='ocrx_word' id='word_1_32' title='bbox 1521 474 1626 520; x_wconf 87' lang='lat' dir='ltr'>bre-</span> 
     </span>
     <span class='ocr_line' id='line_1_6' title="bbox 310 547 1626 611; baseline -0.002 -15"><span class='ocrx_word' id='word_1_33' title='bbox 310 549 381 600; x_wconf 77' lang='grc' dir='ltr'>,νί</span> <span class='ocrx_word' id='word_1_34' title='bbox 411 547 656 605; x_wconf 75' lang='lat' dir='ltr'>edisseram.</span> <span class='ocrx_word' id='word_1_35' title='bbox 675 547 948 595; x_wconf 80' lang='lat' dir='ltr'><strong>Aurelianus</strong></span> <span class='ocrx_word' id='word_1_36' title='bbox 964 583 978 604; x_wconf 90' lang='lat'><em>‚</em></span> <span class='ocrx_word' id='word_1_37' title='bbox 1006 548 1130 611; x_wconf 87' lang='lat' dir='ltr'>quod</span> <span class='ocrx_word' id='word_1_38' title='bbox 1155 547 1307 610; x_wconf 83' lang='lat' dir='ltr'>negari</span> <span class='ocrx_word' id='word_1_39' title='bbox 1329 564 1423 593; x_wconf 91' lang='lat' dir='ltr'>non</span> <span class='ocrx_word' id='word_1_40' title='bbox 1450 547 1626 609; x_wconf 88' lang='lat' dir='ltr'>potest,</span> 
     </span>
     <span class='ocr_line' id='line_1_7' title="bbox 328 619 1626 683; baseline 0 -15"><span class='ocrx_word' id='word_1_41' title='bbox 328 624 538 678; x_wconf 83' lang='lat' dir='ltr'>severus,</span> <span class='ocrx_word' id='word_1_42' title='bbox 578 619 885 678; x_wconf 85' lang='lat' dir='ltr'>truculentus,</span> <span class='ocrx_word' id='word_1_43' title='bbox 925 620 1230 682; x_wconf 82' lang='lat' dir='ltr'>sanguinarius</span> <span class='ocrx_word' id='word_1_44' title='bbox 1268 619 1352 666; x_wconf 90' lang='lat' dir='ltr'>fuit</span> <span class='ocrx_word' id='word_1_45' title='bbox 1395 621 1626 683; x_wconf 79' lang='lat' dir='ltr'>Princeps,</span> 
     </span>
     <span class='ocr_line' id='line_1_8' title="bbox 330 692 1624 756; baseline 0.001 -14"><span class='ocrx_word' id='word_1_46' title='bbox 330 696 433 750; x_wconf 81' lang='lat' dir='ltr'>hic,</span> <span class='ocrx_word' id='word_1_47' title='bbox 465 710 567 742; x_wconf 89' lang='lat' dir='ltr'>cum</span> <span class='ocrx_word' id='word_1_48' title='bbox 603 692 739 756; x_wconf 88' lang='lat' dir='ltr'>usque</span> <span class='ocrx_word' id='word_1_49' title='bbox 776 709 833 738; x_wconf 89' lang='lat' dir='ltr'>eo</span> <span class='ocrx_word' id='word_1_50' title='bbox 871 693 1151 741; x_wconf 84' lang='lat' dir='ltr'>severitatem</span> <span class='ocrx_word' id='word_1_51' title='bbox 1185 693 1460 752; x_wconf 78' lang='lat' dir='ltr'>tetendisset,</span> <span class='ocrx_word' id='word_1_52' title='bbox 1493 707 1540 741; x_wconf 88' lang='lat' dir='ltr'>ut</span> <span class='ocrx_word' id='word_1_53' title='bbox 1573 695 1624 743; x_wconf 76' lang='grc' dir='ltr'>δε</span> 
     </span>
     <span class='ocr_line' id='line_1_9' title="bbox 326 765 1622 832; baseline -0.001 -16"><span class='ocrx_word' id='word_1_54' title='bbox 326 769 464 817; x_wconf 85' lang='lat' dir='ltr'>filiam</span> <span class='ocrx_word' id='word_1_55' title='bbox 487 766 654 813; x_wconf 87' lang='lat' dir='ltr'>sororis</span> <span class='ocrx_word' id='word_1_56' title='bbox 683 765 943 825; x_wconf 90' lang='lat' dir='ltr'>occideret,</span> <span class='ocrx_word' id='word_1_57' title='bbox 971 783 1065 815; x_wconf 87' lang='lat' dir='ltr'>non</span> <span class='ocrx_word' id='word_1_58' title='bbox 1088 767 1133 812; x_wconf 90' lang='lat' dir='ltr'>in</span> <span class='ocrx_word' id='word_1_59' title='bbox 1160 784 1344 831; x_wconf 86' lang='lat' dir='ltr'>magna,</span> <span class='ocrx_word' id='word_1_60' title='bbox 1378 784 1523 832; x_wconf 89' lang='lat' dir='ltr'>neque</span> <span class='ocrx_word' id='word_1_61' title='bbox 1553 767 1622 815; x_wconf 91' lang='lat' dir='ltr'>sa-</span> 
     </span>
     <span class='ocr_line' id='line_1_10' title="bbox 328 837 1625 903; baseline -0.002 -12"><span class='ocrx_word' id='word_1_62' title='bbox 328 843 385 891; x_wconf 83' lang='lat' dir='ltr'>tis</span> <span class='ocrx_word' id='word_1_63' title='bbox 407 844 570 888; x_wconf 87' lang='lat' dir='ltr'>idonea</span> <span class='ocrx_word' id='word_1_64' title='bbox 595 838 746 898; x_wconf 89' lang='lat' dir='ltr'>causa,</span> <span class='ocrx_word' id='word_1_65' title='bbox 766 837 854 901; x_wconf 86' lang='lat' dir='ltr'>jam</span> <span class='ocrx_word' id='word_1_66' title='bbox 873 840 1065 903; x_wconf 89' lang='lat' dir='ltr'>primum</span> <span class='ocrx_word' id='word_1_67' title='bbox 1092 840 1136 886; x_wconf 91' lang='lat' dir='ltr'>in</span> <span class='ocrx_word' id='word_1_68' title='bbox 1158 842 1312 888; x_wconf 90' lang='lat' dir='ltr'>odium</span> <span class='ocrx_word' id='word_1_69' title='bbox 1334 841 1514 889; x_wconf 88' lang='lat' dir='ltr'>suorum</span> <span class='ocrx_word' id='word_1_70' title='bbox 1538 859 1625 890; x_wconf 89' lang='lat' dir='ltr'>ve·</span> 
     </span>
     <span class='ocr_line' id='line_1_11' title="bbox 328 913 1625 979; baseline 0.001 -17"><span class='ocrx_word' id='word_1_71' title='bbox 328 918 407 963; x_wconf 82' lang='lat' dir='ltr'>nit.</span> <span class='ocrx_word' id='word_1_72' title='bbox 446 913 608 961; x_wconf 85' lang='lat' dir='ltr'>Incidit</span> <span class='ocrx_word' id='word_1_73' title='bbox 643 925 818 972; x_wconf 88' lang='lat' dir='ltr'>autem,</span> <span class='ocrx_word' id='word_1_74' title='bbox 861 926 908 960; x_wconf 90' lang='lat' dir='ltr'>ut</span> <span class='ocrx_word' id='word_1_75' title='bbox 946 914 988 963; x_wconf 90' lang='lat' dir='ltr'>se</span> <span class='ocrx_word' id='word_1_76' title='bbox 1027 931 1095 961; x_wconf 89' lang='lat' dir='ltr'>res</span> <span class='ocrx_word' id='word_1_77' title='bbox 1134 914 1324 963; x_wconf 87' lang='lat' dir='ltr'>fataliter</span> <span class='ocrx_word' id='word_1_78' title='bbox 1368 928 1533 979; x_wconf 83' lang='lat' dir='ltr'>agunt,</span> <span class='ocrx_word' id='word_1_79' title='bbox 1574 929 1625 964; x_wconf 85' lang='lat' dir='ltr'>ut</span> 
     </span>
     <span class='ocr_line' id='line_1_12' title="bbox 327 987 1624 1051; baseline -0.001 -14"><span class='ocrx_word' id='word_1_80' title='bbox 327 988 612 1037; x_wconf 87' lang='lat' dir='ltr'>Mnestheum</span> <span class='ocrx_word' id='word_1_81' title='bbox 639 987 891 1049; x_wconf 79' lang='lat' dir='ltr'>quendam,</span> <span class='ocrx_word' id='word_1_82' title='bbox 919 1004 1050 1051; x_wconf 89' lang='lat' dir='ltr'>quem</span> <span class='ocrx_word' id='word_1_83' title='bbox 1083 1005 1168 1051; x_wconf 87' lang='lat' dir='ltr'>pro</span> <span class='ocrx_word' id='word_1_84' title='bbox 1200 988 1383 1036; x_wconf 86' lang='lat' dir='ltr'>notario</span> <span class='ocrx_word' id='word_1_85' title='bbox 1424 988 1624 1036; x_wconf 90' lang='lat' dir='ltr'>secreto—</span> 
     </span>
     <span class='ocr_line' id='line_1_13' title="bbox 327 1059 1622 1123; baseline -0.003 -13"><span class='ocrx_word' id='word_1_86' title='bbox 327 1079 428 1110; x_wconf 85' lang='lat' dir='ltr'>rum</span> <span class='ocrx_word' id='word_1_87' title='bbox 456 1062 692 1115; x_wconf 89' lang='lat' dir='ltr'>habuerat,</span> <span class='ocrx_word' id='word_1_88' title='bbox 726 1059 962 1118; x_wconf 88' lang='lat' dir='ltr'>libertum,</span> <span class='ocrx_word' id='word_1_89' title='bbox 985 1072 1032 1106; x_wconf 89' lang='lat' dir='ltr'>ut</span> <span class='ocrx_word' id='word_1_90' title='bbox 1052 1061 1234 1123; x_wconf 87' lang='lat' dir='ltr'>quidam</span> <span class='ocrx_word' id='word_1_91' title='bbox 1263 1061 1448 1119; x_wconf 88' lang='lat' dir='ltr'>dicunt,</span> <span class='ocrx_word' id='word_1_92' title='bbox 1469 1061 1622 1120; x_wconf 87' lang='lat' dir='ltr'>suum,</span> 
     </span>
     <span class='ocr_line' id='line_1_14' title="bbox 324 1132 1675 1197; baseline -0.003 -13"><span class='ocrx_word' id='word_1_93' title='bbox 324 1135 612 1185; x_wconf 79' lang='lat' dir='ltr'>infensiorem</span> <span class='ocrx_word' id='word_1_94' title='bbox 651 1132 730 1179; x_wconf 84' lang='lat' dir='ltr'>fibi</span> <span class='ocrx_word' id='word_1_95' title='bbox 765 1132 980 1179; x_wconf 86' lang='lat' dir='ltr'>minando</span> <span class='ocrx_word' id='word_1_96' title='bbox 1024 1134 1263 1191; x_wconf 88' lang='lat' dir='ltr'>redderet,</span> <span class='ocrx_word' id='word_1_97' title='bbox 1297 1134 1423 1197; x_wconf 88' lang='lat' dir='ltr'>quod</span> <span class='ocrx_word' id='word_1_98' title='bbox 1470 1133 1623 1182; x_wconf 88' lang='lat' dir='ltr'>nescio</span> <span class='ocrx_word' id='word_1_99' title='bbox 1670 1180 1675 1187; x_wconf 86' lang='grc'><em>,</em></span> 
     </span>
     <span class='ocr_line' id='line_1_15' title="bbox 325 1206 1623 1271; baseline -0.002 -15"><span class='ocrx_word' id='word_1_100' title='bbox 325 1209 436 1271; x_wconf 87' lang='lat' dir='ltr'>quid</span> <span class='ocrx_word' id='word_1_101' title='bbox 472 1209 527 1254; x_wconf 91' lang='lat' dir='ltr'>de</span> <span class='ocrx_word' id='word_1_102' title='bbox 565 1207 764 1269; x_wconf 90' lang='lat' dir='ltr'>quodam</span> <span class='ocrx_word' id='word_1_103' title='bbox 797 1206 1038 1268; x_wconf 84' lang='lat' dir='ltr'>suspicatus</span> <span class='ocrx_word' id='word_1_104' title='bbox 1076 1206 1193 1254; x_wconf 78' lang='lat' dir='ltr'>effer.</span> <span class='ocrx_word' id='word_1_105' title='bbox 1228 1206 1512 1265; x_wconf 82' lang='lat' dir='ltr'>Mnestheus,</span> <span class='ocrx_word' id='word_1_106' title='bbox 1544 1206 1623 1271; x_wconf 85' lang='lat' dir='ltr'>qui</span> 
     </span>
     <span class='ocr_line' id='line_1_16' title="bbox 320 1277 1623 1340; baseline -0.004 -9"><span class='ocrx_word' id='word_1_107' title='bbox 320 1282 486 1337; x_wconf 79' lang='lat' dir='ltr'>sciret,</span> <span class='ocrx_word' id='word_1_108' title='bbox 508 1278 797 1326; x_wconf 82' lang='lat' dir='ltr'>Aurelianum</span> <span class='ocrx_word' id='word_1_109' title='bbox 820 1294 964 1340; x_wconf 82' lang='lat' dir='ltr'>neque</span> <span class='ocrx_word' id='word_1_110' title='bbox 993 1277 1148 1324; x_wconf 81' lang='lat' dir='ltr'>frustra</span> <span class='ocrx_word' id='word_1_111' title='bbox 1171 1278 1331 1325; x_wconf 86' lang='lat' dir='ltr'>minari</span> <span class='ocrx_word' id='word_1_112' title='bbox 1352 1279 1524 1337; x_wconf 90' lang='lat' dir='ltr'>solere,</span> <span class='ocrx_word' id='word_1_113' title='bbox 1545 1296 1623 1326; x_wconf 91' lang='lat' dir='ltr'>ne-</span> 
     </span>
     <span class='ocr_line' id='line_1_17' title="bbox 319 1350 1622 1421; baseline -0.003 -18"><span class='ocrx_word' id='word_1_114' title='bbox 319 1360 430 1421; x_wconf 71' lang='lat' dir='ltr'>que,</span> <span class='ocrx_word' id='word_1_115' title='bbox 447 1355 477 1400; x_wconf 84' lang='lat' dir='ltr'>fi</span> <span class='ocrx_word' id='word_1_116' title='bbox 498 1353 759 1405; x_wconf 85' lang='lat' dir='ltr'>minaretur,</span> <span class='ocrx_word' id='word_1_117' title='bbox 776 1350 1026 1414; x_wconf 86' lang='lat' dir='ltr'>ignoscere,</span> <span class='ocrx_word' id='word_1_118' title='bbox 1044 1351 1225 1398; x_wconf 89' lang='lat' dir='ltr'>brevem</span> <span class='ocrx_word' id='word_1_119' title='bbox 1251 1351 1487 1398; x_wconf 85' lang='lat' dir='ltr'>nominum</span> <span class='ocrx_word' id='word_1_120' title='bbox 1511 1368 1622 1399; x_wconf 87' lang='lat' dir='ltr'>con-</span> 
     </span>
     <span class='ocr_line' id='line_1_18' title="bbox 323 1422 1621 1490; baseline -0.005 -14"><span class='ocrx_word' id='word_1_121' title='bbox 323 1426 522 1490; x_wconf 82' lang='lat' dir='ltr'>scripsit,</span> <span class='ocrx_word' id='word_1_122' title='bbox 549 1423 698 1470; x_wconf 86' lang='lat' dir='ltr'>mixtis</span> <span class='ocrx_word' id='word_1_123' title='bbox 731 1422 808 1481; x_wconf 89' lang='lat' dir='ltr'>iis,</span> <span class='ocrx_word' id='word_1_124' title='bbox 838 1422 999 1484; x_wconf 83' lang='lat' dir='ltr'>quibus</span> <span class='ocrx_word' id='word_1_125' title='bbox 1026 1422 1287 1471; x_wconf 82' lang='lat' dir='ltr'>Aurelianus</span> <span class='ocrx_word' id='word_1_126' title='bbox 1324 1439 1428 1471; x_wconf 89' lang='lat' dir='ltr'>vere</span> <span class='ocrx_word' id='word_1_127' title='bbox 1458 1423 1621 1470; x_wconf 89' lang='lat' dir='ltr'>irasce-</span> 
     </span>
     <span class='ocr_line' id='line_1_19' title="bbox 323 1493 1620 1557; baseline -0.004 -11"><span class='ocrx_word' id='word_1_128' title='bbox 323 1501 479 1556; x_wconf 84' lang='lat' dir='ltr'>batur,</span> <span class='ocrx_word' id='word_1_129' title='bbox 497 1513 599 1545; x_wconf 91' lang='lat' dir='ltr'>cum</span> <span class='ocrx_word' id='word_1_130' title='bbox 625 1495 679 1542; x_wconf 83' lang='lat' dir='ltr'>iis</span> <span class='ocrx_word' id='word_1_131' title='bbox 695 1530 708 1554; x_wconf 91' lang='lat'>‚</span> <span class='ocrx_word' id='word_1_132' title='bbox 731 1495 784 1540; x_wconf 91' lang='lat' dir='ltr'>de</span> <span class='ocrx_word' id='word_1_133' title='bbox 809 1493 976 1555; x_wconf 83' lang='lat' dir='ltr'>quibus</span> <span class='ocrx_word' id='word_1_134' title='bbox 997 1493 1111 1540; x_wconf 85' lang='lat' dir='ltr'>nihil</span> <span class='ocrx_word' id='word_1_135' title='bbox 1132 1494 1334 1556; x_wconf 84' lang='lat' dir='ltr'>asperum</span> <span class='ocrx_word' id='word_1_136' title='bbox 1367 1495 1620 1557; x_wconf 85' lang='lat' dir='ltr'>cogitabat;</span> 
     </span>
     <span class='ocr_line' id='line_1_20' title="bbox 323 1565 1622 1630; baseline -0.004 -11"><span class='ocrx_word' id='word_1_137' title='bbox 323 1572 479 1620; x_wconf 87' lang='lat' dir='ltr'>addito</span> <span class='ocrx_word' id='word_1_138' title='bbox 507 1569 640 1616; x_wconf 86' lang='lat' dir='ltr'>etiam</span> <span class='ocrx_word' id='word_1_139' title='bbox 664 1567 742 1614; x_wconf 94' lang='lat' dir='ltr'>suo</span> <span class='ocrx_word' id='word_1_140' title='bbox 771 1567 986 1624; x_wconf 89' lang='lat' dir='ltr'>nomine,</span> <span class='ocrx_word' id='word_1_141' title='bbox 1009 1581 1103 1630; x_wconf 89' lang='lat' dir='ltr'>quo</span> <span class='ocrx_word' id='word_1_142' title='bbox 1131 1566 1270 1630; x_wconf 84' lang='lat' dir='ltr'>magis</span> <span class='ocrx_word' id='word_1_143' title='bbox 1298 1565 1430 1613; x_wconf 85' lang='lat' dir='ltr'>fidem</span> <span class='ocrx_word' id='word_1_144' title='bbox 1456 1568 1622 1616; x_wconf 86' lang='lat' dir='ltr'>faceret</span> 
     </span>
     <span class='ocr_line' id='line_1_21' title="bbox 323 1639 1621 1709; baseline -0.004 -16"><span class='ocrx_word' id='word_1_145' title='bbox 323 1644 505 1709; x_wconf 85' lang='lat' dir='ltr'>ingestae</span> <span class='ocrx_word' id='word_1_146' title='bbox 526 1640 865 1690; x_wconf 85' lang='lat' dir='ltr'>sollicitudinis:</span> <span class='ocrx_word' id='word_1_147' title='bbox 887 1658 937 1688; x_wconf 89' lang='lat' dir='ltr'>ac</span> <span class='ocrx_word' id='word_1_148' title='bbox 953 1641 1139 1687; x_wconf 85' lang='lat' dir='ltr'>brevem</span> <span class='ocrx_word' id='word_1_149' title='bbox 1164 1641 1270 1703; x_wconf 85' lang='lat' dir='ltr'>legit</span> <span class='ocrx_word' id='word_1_150' title='bbox 1291 1639 1486 1703; x_wconf 79' lang='lat' dir='ltr'>singulis,</span> <span class='ocrx_word' id='word_1_151' title='bbox 1503 1657 1621 1704; x_wconf 90' lang='lat' dir='ltr'>quo-</span> 
     </span>
     <span class='ocr_line' id='line_1_22' title="bbox 321 1713 1621 1776; baseline -0.003 -11"><span class='ocrx_word' id='word_1_152' title='bbox 321 1735 425 1766; x_wconf 86' lang='lat' dir='ltr'>rum</span> <span class='ocrx_word' id='word_1_153' title='bbox 451 1715 637 1762; x_wconf 86' lang='lat' dir='ltr'>nomina</span> <span class='ocrx_word' id='word_1_154' title='bbox 660 1713 956 1771; x_wconf 87' lang='lat' dir='ltr'>continebat,</span> <span class='ocrx_word' id='word_1_155' title='bbox 977 1714 1142 1761; x_wconf 88' lang='lat' dir='ltr'>addens</span> <span class='ocrx_word' id='word_1_156' title='bbox 1156 1749 1172 1771; x_wconf 88' lang='lat'>,</span> <span class='ocrx_word' id='word_1_157' title='bbox 1192 1713 1452 1776; x_wconf 71' lang='lat' dir='ltr'>disposuisse</span> <span class='ocrx_word' id='word_1_158' title='bbox 1472 1723 1621 1761; x_wconf 85' lang='lat' dir='ltr'>Aure-</span> 
     </span>
     <span class='ocr_line' id='line_1_23' title="bbox 320 1788 1620 1844; baseline -0.003 -5"><span class='ocrx_word' id='word_1_159' title='bbox 320 1793 494 1840; x_wconf 85' lang='lat' dir='ltr'>lianum</span> <span class='ocrx_word' id='word_1_160' title='bbox 524 1806 602 1837; x_wconf 88' lang='lat' dir='ltr'>eos</span> <span class='ocrx_word' id='word_1_161' title='bbox 625 1804 784 1836; x_wconf 86' lang='lat' dir='ltr'>omnes</span> <span class='ocrx_word' id='word_1_162' title='bbox 812 1788 1048 1844; x_wconf 87' lang='lat' dir='ltr'>occidere;</span> <span class='ocrx_word' id='word_1_163' title='bbox 1072 1788 1175 1835; x_wconf 81' lang='lat' dir='ltr'>illos</span> <span class='ocrx_word' id='word_1_164' title='bbox 1204 1804 1318 1834; x_wconf 89' lang='lat' dir='ltr'>vero</span> <span class='ocrx_word' id='word_1_165' title='bbox 1344 1788 1506 1834; x_wconf 87' lang='lat' dir='ltr'>debere</span> <span class='ocrx_word' id='word_1_166' title='bbox 1532 1789 1620 1835; x_wconf 81' lang='lat' dir='ltr'>suae</span> 
     </span>
     <span class='ocr_line' id='line_1_24' title="bbox 321 1860 1621 1917; baseline -0.002 -7"><span class='ocrx_word' id='word_1_167' title='bbox 321 1864 456 1916; x_wconf 70' lang='lat' dir='ltr'>vitaz.</span> <span class='ocrx_word' id='word_1_168' title='bbox 490 1863 520 1908; x_wconf 77' lang='lat' dir='ltr'>si</span> <span class='ocrx_word' id='word_1_169' title='bbox 555 1861 643 1907; x_wconf 89' lang='lat' dir='ltr'>viri</span> <span class='ocrx_word' id='word_1_170' title='bbox 679 1860 808 1917; x_wconf 84' lang='lat' dir='ltr'>sunt,</span> <span class='ocrx_word' id='word_1_171' title='bbox 843 1860 1190 1906; x_wconf 67' lang='lat' dir='ltr'>subvenire-Hi</span> <span class='ocrx_word' id='word_1_172' title='bbox 1227 1877 1328 1907; x_wconf 91' lang='lat' dir='ltr'>cum</span> <span class='ocrx_word' id='word_1_173' title='bbox 1366 1860 1621 1907; x_wconf 72' lang='lat' dir='ltr'>exarsissent</span> 
     </span>
     <span class='ocr_line' id='line_1_25' title="bbox 321 1930 1619 1996; baseline -0.003 -14"><span class='ocrx_word' id='word_1_174' title='bbox 321 1937 490 1983; x_wconf 86' lang='lat' dir='ltr'>timore</span> <span class='ocrx_word' id='word_1_175' title='bbox 504 1970 517 1990; x_wconf 92' lang='lat'>‚</span> <span class='ocrx_word' id='word_1_176' title='bbox 537 1932 612 1996; x_wconf 85' lang='lat' dir='ltr'>qui</span> <span class='ocrx_word' id='word_1_177' title='bbox 637 1932 922 1978; x_wconf 87' lang='lat' dir='ltr'>merebantur</span> <span class='ocrx_word' id='word_1_178' title='bbox 938 1930 1148 1977; x_wconf 79' lang='lat' dir='ltr'>offensam</span> <span class='ocrx_word' id='word_1_179' title='bbox 1167 1967 1179 1988; x_wconf 91' lang='lat'>‚</span> <span class='ocrx_word' id='word_1_180' title='bbox 1205 1932 1411 1978; x_wconf 78' lang='lat' dir='ltr'>dolorem</span> <span class='ocrx_word' id='word_1_181' title='bbox 1433 1932 1619 1979; x_wconf 87' lang='lat' dir='ltr'>miscen-</span> 
     </span>
     <span class='ocr_line' id='line_1_26' title="bbox 321 2004 1620 2068; baseline -0.003 -13"><span class='ocrx_word' id='word_1_182' title='bbox 321 2020 387 2055; x_wconf 84' lang='lat' dir='ltr'>tes</span> <span class='ocrx_word' id='word_1_183' title='bbox 404 2004 634 2053; x_wconf 81' lang='lat' dir='ltr'>beneficiis</span> <span class='ocrx_word' id='word_1_184' title='bbox 659 2019 794 2068; x_wconf 85' lang='lat' dir='ltr'>atque</span> <span class='ocrx_word' id='word_1_185' title='bbox 819 2004 980 2052; x_wconf 87' lang='lat' dir='ltr'>officiis</span> <span class='ocrx_word' id='word_1_186' title='bbox 996 2005 1180 2067; x_wconf 84' lang='lat' dir='ltr'>,quibus</span> <span class='ocrx_word' id='word_1_187' title='bbox 1204 2006 1468 2052; x_wconf 83' lang='lat' dir='ltr'>Aurelianus</span> <span class='ocrx_word' id='word_1_188' title='bbox 1491 2005 1620 2051; x_wconf 88' lang='lat' dir='ltr'>vide-</span> 
     </span>
     <span class='ocr_line' id='line_1_27' title="bbox 320 2077 1619 2141; baseline -0.002 -13"><span class='ocrx_word' id='word_1_189' title='bbox 320 2082 452 2128; x_wconf 83' lang='lat' dir='ltr'>batur</span> <span class='ocrx_word' id='word_1_190' title='bbox 483 2080 708 2141; x_wconf 79' lang='lat' dir='ltr'>ingrams,</span> <span class='ocrx_word' id='word_1_191' title='bbox 740 2079 784 2123; x_wconf 89' lang='lat' dir='ltr'>in</span> <span class='ocrx_word' id='word_1_192' title='bbox 819 2078 1069 2139; x_wconf 67' lang='lat' dir='ltr'>supradiCto</span> <span class='ocrx_word' id='word_1_193' title='bbox 1108 2078 1216 2126; x_wconf 90' lang='lat' dir='ltr'>loco</span> <span class='ocrx_word' id='word_1_194' title='bbox 1256 2078 1340 2125; x_wconf 89' lang='lat' dir='ltr'>iter</span> <span class='ocrx_word' id='word_1_195' title='bbox 1378 2077 1619 2126; x_wconf 78' lang='lat' dir='ltr'>facientem</span> 
     </span>
     <span class='ocr_line' id='line_1_28' title="bbox 319 2149 1307 2211; baseline -0.002 -12"><span class='ocrx_word' id='word_1_196' title='bbox 319 2151 577 2211; x_wconf 77' lang='lat' dir='ltr'>Principem</span> <span class='ocrx_word' id='word_1_197' title='bbox 601 2149 746 2195; x_wconf 87' lang='lat' dir='ltr'>subito</span> <span class='ocrx_word' id='word_1_198' title='bbox 767 2151 942 2207; x_wconf 86' lang='lat' dir='ltr'>adorti,</span> <span class='ocrx_word' id='word_1_199' title='bbox 968 2149 1307 2197; x_wconf 78' lang='lat' dir='ltr'>interemerunt.</span> 
     </span>
    </p>

    <p class='ocr_par' dir='ltr' id='par_1_4' title="bbox 319 2214 1620 2509">
     <span class='ocr_line' id='line_1_29' title="bbox 344 2214 1620 2285; baseline -0.002 -14"><span class='ocrx_word' id='word_1_200' title='bbox 344 2214 347 2215; x_wconf 30' lang='lat'><em>⁷</em></span> <span class='ocrx_word' id='word_1_201' title='bbox 387 2225 627 2271; x_wconf 85' lang='lat' dir='ltr'>XXXVll.</span> <span class='ocrx_word' id='word_1_202' title='bbox 655 2224 742 2271; x_wconf 77' lang='lat' dir='ltr'>Hic</span> <span class='ocrx_word' id='word_1_203' title='bbox 771 2224 870 2269; x_wconf 85' lang='lat' dir='ltr'>finis</span> <span class='ocrx_word' id='word_1_204' title='bbox 906 2223 1152 2269; x_wconf 84' lang='lat' dir='ltr'>Aureliano</span> <span class='ocrx_word' id='word_1_205' title='bbox 1183 2222 1298 2279; x_wconf 89' lang='lat' dir='ltr'>fuit,</span> <span class='ocrx_word' id='word_1_206' title='bbox 1317 2221 1517 2285; x_wconf 87' lang='lat' dir='ltr'>Principi</span> <span class='ocrx_word' id='word_1_207' title='bbox 1540 2238 1620 2269; x_wconf 88' lang='lat' dir='ltr'>ne-</span> 
     </span>
     <span class='ocr_line' id='line_1_30' title="bbox 319 2295 1616 2361; baseline -0.002 -15"><span class='ocrx_word' id='word_1_208' title='bbox 319 2301 507 2350; x_wconf 74' lang='lat' dir='ltr'>cessario</span> <span class='ocrx_word' id='word_1_209' title='bbox 537 2299 707 2361; x_wconf 85' lang='lat' dir='ltr'>magis,</span> <span class='ocrx_word' id='word_1_210' title='bbox 739 2315 873 2361; x_wconf 89' lang='lat' dir='ltr'>quam</span> <span class='ocrx_word' id='word_1_211' title='bbox 906 2298 1049 2344; x_wconf 72' lang='lat' dir='ltr'>bono·</span> <span class='ocrx_word' id='word_1_212' title='bbox 1092 2314 1188 2359; x_wconf 86' lang='lat' dir='ltr'>quo</span> <span class='ocrx_word' id='word_1_213' title='bbox 1221 2295 1490 2355; x_wconf 62' lang='lat' dir='ltr'>imerfidlo,</span> <span class='ocrx_word' id='word_1_214' title='bbox 1515 2314 1616 2343; x_wconf 80' lang='lat' dir='ltr'>cum</span> 
     </span>
     <span class='ocr_line' id='line_1_31' title="bbox 320 2368 1617 2434; baseline -0.003 -15"><span class='ocrx_word' id='word_1_215' title='bbox 320 2368 427 2432; x_wconf 64' lang='lat' dir='ltr'>eflJet</span> <span class='ocrx_word' id='word_1_216' title='bbox 447 2389 516 2418; x_wconf 90' lang='lat' dir='ltr'>res</span> <span class='ocrx_word' id='word_1_217' title='bbox 544 2372 723 2434; x_wconf 80' lang='lat' dir='ltr'>prodita</span> <span class='ocrx_word' id='word_1_218' title='bbox 741 2407 754 2428; x_wconf 90' lang='lat'>,</span> <span class='ocrx_word' id='word_1_219' title='bbox 775 2373 822 2418; x_wconf 70' lang='grc' dir='ltr'>δι</span> <span class='ocrx_word' id='word_1_220' title='bbox 844 2370 1095 2433; x_wconf 82' lang='lat' dir='ltr'>sepulcrum</span> <span class='ocrx_word' id='word_1_221' title='bbox 1123 2371 1302 2432; x_wconf 88' lang='lat' dir='ltr'>ingens,</span> <span class='ocrx_word' id='word_1_222' title='bbox 1325 2372 1374 2416; x_wconf 88' lang='lat'>&amp;</span> <span class='ocrx_word' id='word_1_223' title='bbox 1397 2369 1617 2431; x_wconf 81' lang='lat' dir='ltr'>templum</span> 
     </span>
     <span class='ocr_line' id='line_1_32' title="bbox 323 2441 1616 2509; baseline -0.002 -16"><span class='ocrx_word' id='word_1_224' title='bbox 323 2441 390 2494; x_wconf 79' lang='lat' dir='ltr'>illi</span> <span class='ocrx_word' id='word_1_225' title='bbox 427 2446 683 2493; x_wconf 85' lang='lat' dir='ltr'>detulerunt</span> <span class='ocrx_word' id='word_1_226' title='bbox 719 2445 783 2505; x_wconf 83' lang='lat' dir='ltr'>ii,</span> <span class='ocrx_word' id='word_1_227' title='bbox 815 2461 841 2492; x_wconf 89' lang='lat' dir='ltr'>a</span> <span class='ocrx_word' id='word_1_228' title='bbox 878 2445 1042 2509; x_wconf 84' lang='lat' dir='ltr'>quibus</span> <span class='ocrx_word' id='word_1_229' title='bbox 1085 2445 1353 2493; x_wconf 87' lang='lat' dir='ltr'>interemtus</span> <span class='ocrx_word' id='word_1_230' title='bbox 1391 2443 1468 2491; x_wconf 87' lang='lat' dir='ltr'>est.</span> <span class='ocrx_word' id='word_1_231' title='bbox 1507 2444 1616 2490; x_wconf 86' lang='lat' dir='ltr'>Sane</span> 
     </span>
    </p>
   </div>
  </div>
 </body>
</html>
