<?xml version="1.0" encoding="UTF-8"?>
<!DOCTYPE html PUBLIC "-//W3C//DTD XHTML 1.0 Transitional//EN"
    "http://www.w3.org/TR/xhtml1/DTD/xhtml1-transitional.dtd">
<html xmlns="http://www.w3.org/1999/xhtml" xml:lang="en" lang="en">
 <head>
  <title>
</title>
<meta http-equiv="Content-Type" content="text/html;charset=utf-8" />
  <meta name='ocr-system' content='tesseract 3.04.00' />
  <meta name='ocr-capabilities' content='ocr_page ocr_carea ocr_par ocr_line ocrx_word'/>
</head>
<body>
  <div class='ocr_page' id='page_1' title='image "./historiaeaugusta00bipouoft_0603.png"; bbox 0 0 1637 2785; ppageno 0'>
   <div class='ocr_carea' id='block_1_1' title="bbox 237 149 1361 221">
    <p class='ocr_par' dir='ltr' id='par_1_1' title="bbox 237 149 1361 221">
     <span class='ocr_line' id='line_1_1' title="bbox 237 149 1361 221; baseline -0.004 -21"><span class='ocrx_word' id='word_1_1' title='bbox 237 151 593 200; x_wconf 74' lang='lat' dir='ltr'>TACITUS</span> <span class='ocrx_word' id='word_1_2' title='bbox 643 149 1158 221; x_wconf 75' lang='lat' dir='ltr'>tMPERATOR.</span> <span class='ocrx_word' id='word_1_3' title='bbox 1279 168 1361 212; x_wconf 77' lang='lat'>195</span> 
     </span>
    </p>
   </div>
   <div class='ocr_carea' id='block_1_2' title="bbox 73 254 1435 2532">
    <p class='ocr_par' dir='ltr' id='par_1_2' title="bbox 73 254 1374 597">
     <span class='ocr_line' id='line_1_2' title="bbox 73 254 1368 319; baseline -0.003 -13"><span class='ocrx_word' id='word_1_4' title='bbox 73 277 188 306; x_wconf 85' lang='lat' dir='ltr'>tuum</span> <span class='ocrx_word' id='word_1_5' title='bbox 204 293 216 312; x_wconf 93' lang='lat'>‚</span> <span class='ocrx_word' id='word_1_6' title='bbox 232 277 318 304; x_wconf 82' lang='lat' dir='ltr'>non</span> <span class='ocrx_word' id='word_1_7' title='bbox 337 275 507 317; x_wconf 83' lang='lat' dir='ltr'>corpus,</span> <span class='ocrx_word' id='word_1_8' title='bbox 530 259 721 317; x_wconf 71' lang='lat' dir='ltr'>eligimus</span> <span class='ocrx_word' id='word_1_9' title='bbox 751 254 997 318; x_wconf 79' lang='lat' dir='ltr'>(dixerunt</span> <span class='ocrx_word' id='word_1_10' title='bbox 1019 255 1206 319; x_wconf 72' lang='lat' dir='ltr'>vicies.)</span> <span class='ocrx_word' id='word_1_11' title='bbox 1230 258 1368 302; x_wconf 79' lang='lat' dir='ltr'>Tacite</span> 
     </span>
     <span class='ocr_line' id='line_1_3' title="bbox 75 328 1370 399; baseline -0.003 -20"><span class='ocrx_word' id='word_1_12' title='bbox 75 334 290 399; x_wconf 66' lang='lat' dir='ltr'>Auguste,</span> <span class='ocrx_word' id='word_1_13' title='bbox 310 334 399 377; x_wconf 84' lang='lat' dir='ltr'>Dii</span> <span class='ocrx_word' id='word_1_14' title='bbox 414 328 654 390; x_wconf 74' lang='lat' dir='ltr'>teservent!</span> <span class='ocrx_word' id='word_1_15' title='bbox 680 329 839 374; x_wconf 71' lang='lat' dir='ltr'>deinde</span> <span class='ocrx_word' id='word_1_16' title='bbox 864 345 1037 374; x_wconf 82' lang='lat' dir='ltr'>omnes.</span> <span class='ocrx_word' id='word_1_17' title='bbox 1066 331 1370 392; x_wconf 76' lang='lat' dir='ltr'>Interrogatus</span> 
     </span>
     <span class='ocr_line' id='line_1_4' title="bbox 77 400 1371 466; baseline -0.003 -16"><span class='ocrx_word' id='word_1_18' title='bbox 77 420 311 466; x_wconf 71' lang='lat' dir='ltr'>praeterea,</span> <span class='ocrx_word' id='word_1_19' title='bbox 328 401 404 465; x_wconf 87' lang='lat' dir='ltr'>qui</span> <span class='ocrx_word' id='word_1_20' title='bbox 429 400 529 463; x_wconf 87' lang='lat' dir='ltr'>post</span> <span class='ocrx_word' id='word_1_21' title='bbox 551 400 762 446; x_wconf 80' lang='lat' dir='ltr'>Tacitum</span> <span class='ocrx_word' id='word_1_22' title='bbox 784 401 977 458; x_wconf 84' lang='lat' dir='ltr'>sedebat,</span> <span class='ocrx_word' id='word_1_23' title='bbox 998 402 1188 446; x_wconf 78' lang='lat' dir='ltr'>Senator</span> <span class='ocrx_word' id='word_1_24' title='bbox 1209 401 1371 446; x_wconf 83' lang='lat' dir='ltr'>consu—</span> 
     </span>
     <span class='ocr_line' id='line_1_5' title="bbox 78 474 1374 524; baseline -0.002 -1"><span class='ocrx_word' id='word_1_25' title='bbox 78 478 180 524; x_wconf 82' lang='lat' dir='ltr'>laris</span> <span class='ocrx_word' id='word_1_26' title='bbox 210 477 374 523; x_wconf 84' lang='lat' dir='ltr'>Metius</span> <span class='ocrx_word' id='word_1_27' title='bbox 404 475 646 522; x_wconf 75' lang='lat' dir='ltr'>Falconius</span> <span class='ocrx_word' id='word_1_28' title='bbox 679 474 988 522; x_wconf 84' lang='lat' dir='ltr'>Nicomachus</span> <span class='ocrx_word' id='word_1_29' title='bbox 1020 475 1065 519; x_wconf 88' lang='lat' dir='ltr'>in</span> <span class='ocrx_word' id='word_1_30' title='bbox 1102 476 1195 520; x_wconf 86' lang='lat' dir='ltr'>haec</span> <span class='ocrx_word' id='word_1_31' title='bbox 1235 476 1374 521; x_wconf 83' lang='lat' dir='ltr'>verba</span> 
     </span>
     <span class='ocr_line' id='line_1_6' title="bbox 79 550 302 597; baseline -0.009 0"><span class='ocrx_word' id='word_1_32' title='bbox 79 550 302 597; x_wconf 78' lang='lat' dir='ltr'>difi&#39;eruit:</span> 
     </span>
    </p>

    <p class='ocr_par' dir='ltr' id='par_1_3' title="bbox 76 623 1435 2532">
     <span class='ocr_line' id='line_1_7' title="bbox 146 623 1375 687; baseline 0 -16"><span class='ocrx_word' id='word_1_33' title='bbox 146 627 222 671; x_wconf 84' lang='lat' dir='ltr'>Vl.</span> <span class='ocrx_word' id='word_1_34' title='bbox 253 629 420 686; x_wconf 81' lang='lat' dir='ltr'>Semper</span> <span class='ocrx_word' id='word_1_35' title='bbox 445 626 609 684; x_wconf 81' lang='lat' dir='ltr'>quidem</span> <span class='ocrx_word' id='word_1_36' title='bbox 632 659 645 682; x_wconf 90' lang='lat'>,</span> <span class='ocrx_word' id='word_1_37' title='bbox 677 627 825 671; x_wconf 82' lang='lat' dir='ltr'>Patres</span> <span class='ocrx_word' id='word_1_38' title='bbox 860 623 1103 683; x_wconf 63' lang='lat' dir='ltr'>conseripti,</span> <span class='ocrx_word' id='word_1_39' title='bbox 1135 625 1229 669; x_wconf 68' lang='lat' dir='ltr'>nc‘le</span> <span class='ocrx_word' id='word_1_40' title='bbox 1259 644 1375 687; x_wconf 78' lang='lat' dir='ltr'>atque</span> 
     </span>
     <span class='ocr_line' id='line_1_8' title="bbox 76 698 1377 762; baseline -0.002 -16"><span class='ocrx_word' id='word_1_41' title='bbox 76 704 299 762; x_wconf 78' lang='lat' dir='ltr'>prudenter</span> <span class='ocrx_word' id='word_1_42' title='bbox 322 702 548 760; x_wconf 82' lang='lat' dir='ltr'>reipublicoe</span> <span class='ocrx_word' id='word_1_43' title='bbox 569 700 816 760; x_wconf 77' lang='lat' dir='ltr'>magnificus</span> <span class='ocrx_word' id='word_1_44' title='bbox 847 700 913 742; x_wconf 79' lang='lat' dir='ltr'>hic</span> <span class='ocrx_word' id='word_1_45' title='bbox 931 701 1032 742; x_wconf 84' lang='lat' dir='ltr'>ordo</span> <span class='ocrx_word' id='word_1_46' title='bbox 1059 698 1284 757; x_wconf 78' lang='lat' dir='ltr'>consuluit,</span> <span class='ocrx_word' id='word_1_47' title='bbox 1304 719 1377 744; x_wconf 55' lang='lat' dir='ltr'>ne-</span> 
     </span>
     <span class='ocr_line' id='line_1_9' title="bbox 81 771 1379 836; baseline -0.002 -16"><span class='ocrx_word' id='word_1_48' title='bbox 81 793 155 836; x_wconf 84' lang='lat' dir='ltr'>que</span> <span class='ocrx_word' id='word_1_49' title='bbox 184 793 210 819; x_wconf 90' lang='lat' dir='ltr'>a</span> <span class='ocrx_word' id='word_1_50' title='bbox 241 791 448 834; x_wconf 75' lang='lat' dir='ltr'>quoquam</span> <span class='ocrx_word' id='word_1_51' title='bbox 485 775 596 817; x_wconf 85' lang='lat' dir='ltr'>orbis</span> <span class='ocrx_word' id='word_1_52' title='bbox 639 790 746 818; x_wconf 84' lang='lat' dir='ltr'>terrae</span> <span class='ocrx_word' id='word_1_53' title='bbox 778 776 939 832; x_wconf 86' lang='lat' dir='ltr'>populo</span> <span class='ocrx_word' id='word_1_54' title='bbox 968 771 1158 831; x_wconf 84' lang='lat' dir='ltr'>solidior</span> <span class='ocrx_word' id='word_1_55' title='bbox 1195 791 1379 832; x_wconf 83' lang='lat' dir='ltr'>unquam</span> 
     </span>
     <span class='ocr_line' id='line_1_10' title="bbox 84 847 1382 913; baseline -0.003 -18"><span class='ocrx_word' id='word_1_56' title='bbox 84 847 316 909; x_wconf 68' lang='lat' dir='ltr'>exspec&#39;lata</span> <span class='ocrx_word' id='word_1_57' title='bbox 333 847 558 908; x_wconf 79' lang='lat' dir='ltr'><em>sapientia</em></span> <span class='ocrx_word' id='word_1_58' title='bbox 589 848 670 913; x_wconf 89' lang='lat' dir='ltr'>est:</span> <span class='ocrx_word' id='word_1_59' title='bbox 703 863 885 891; x_wconf 78' lang='lat' dir='ltr'>attamen</span> <span class='ocrx_word' id='word_1_60' title='bbox 915 849 1033 890; x_wconf 84' lang='lat' dir='ltr'>nulla</span> <span class='ocrx_word' id='word_1_61' title='bbox 1055 863 1238 905; x_wconf 83' lang='lat' dir='ltr'>unquam</span> <span class='ocrx_word' id='word_1_62' title='bbox 1259 864 1382 906; x_wconf 77' lang='lat' dir='ltr'>neque</span> 
     </span>
     <span class='ocr_line' id='line_1_11' title="bbox 81 918 1383 987; baseline -0.002 -18"><span class='ocrx_word' id='word_1_63' title='bbox 81 926 279 987; x_wconf 84' lang='lat' dir='ltr'>gravior,</span> <span class='ocrx_word' id='word_1_64' title='bbox 297 918 426 983; x_wconf 47' lang='lat' dir='ltr'>&#39;neque</span> <span class='ocrx_word' id='word_1_65' title='bbox 447 924 696 983; x_wconf 79' lang='lat' dir='ltr'>prudentior</span> <span class='ocrx_word' id='word_1_66' title='bbox 714 925 760 967; x_wconf 89' lang='lat' dir='ltr'>in</span> <span class='ocrx_word' id='word_1_67' title='bbox 782 924 856 966; x_wconf 81' lang='lat' dir='ltr'>hoc</span> <span class='ocrx_word' id='word_1_68' title='bbox 868 921 1064 981; x_wconf 90' lang='lat' dir='ltr'>sacrario</span> <span class='ocrx_word' id='word_1_69' title='bbox 1086 921 1193 965; x_wconf 71' lang='lat' dir='ltr'>dic‘ta</span> <span class='ocrx_word' id='word_1_70' title='bbox 1210 922 1383 982; x_wconf 74' lang='lat' dir='ltr'>senten-</span> 
     </span>
     <span class='ocr_line' id='line_1_12' title="bbox 86 992 1385 1062; baseline -0.001 -20"><span class='ocrx_word' id='word_1_71' title='bbox 86 1000 148 1043; x_wconf 83' lang='lat' dir='ltr'>tia</span> <span class='ocrx_word' id='word_1_72' title='bbox 178 998 244 1062; x_wconf 86' lang='lat' dir='ltr'>est.</span> <span class='ocrx_word' id='word_1_73' title='bbox 288 999 497 1041; x_wconf 84' lang='lat' dir='ltr'>Seniorem</span> <span class='ocrx_word' id='word_1_74' title='bbox 539 998 775 1056; x_wconf 75' lang='lat' dir='ltr'>Principem</span> <span class='ocrx_word' id='word_1_75' title='bbox 805 994 1016 1053; x_wconf 73' lang='lat' dir='ltr'>fecimus,</span> <span class='ocrx_word' id='word_1_76' title='bbox 1052 992 1095 1040; x_wconf 51' lang='grc' dir='ltr'>ὅ)</span> <span class='ocrx_word' id='word_1_77' title='bbox 1119 995 1249 1039; x_wconf 73' lang='lat' dir='ltr'>virum</span> <span class='ocrx_word' id='word_1_78' title='bbox 1271 1031 1282 1045; x_wconf 80' lang='grc'>,</span> <span class='ocrx_word' id='word_1_79' title='bbox 1314 998 1385 1057; x_wconf 85' lang='lat' dir='ltr'>qui</span> 
     </span>
     <span class='ocr_line' id='line_1_13' title="bbox 88 1069 1385 1134; baseline 0 -19"><span class='ocrx_word' id='word_1_80' title='bbox 88 1072 281 1116; x_wconf 81' lang='lat' dir='ltr'>omnibus</span> <span class='ocrx_word' id='word_1_81' title='bbox 312 1069 434 1134; x_wconf 83' lang='lat' dir='ltr'>quasi</span> <span class='ocrx_word' id='word_1_82' title='bbox 460 1086 583 1130; x_wconf 84' lang='lat' dir='ltr'>pater</span> <span class='ocrx_word' id='word_1_83' title='bbox 610 1069 811 1127; x_wconf 74' lang='lat' dir='ltr'>consulat.</span> <span class='ocrx_word' id='word_1_84' title='bbox 847 1070 973 1113; x_wconf 82' lang='lat' dir='ltr'>Nilzil</span> <span class='ocrx_word' id='word_1_85' title='bbox 997 1070 1049 1112; x_wconf 85' lang='lat' dir='ltr'>ab</span> <span class='ocrx_word' id='word_1_86' title='bbox 1081 1070 1155 1114; x_wconf 81' lang='lat' dir='ltr'>hoc</span> <span class='ocrx_word' id='word_1_87' title='bbox 1183 1070 1385 1115; x_wconf 84' lang='lat' dir='ltr'>immatu-</span> 
     </span>
     <span class='ocr_line' id='line_1_14' title="bbox 90 1141 1387 1209; baseline 0 -20"><span class='ocrx_word' id='word_1_88' title='bbox 90 1162 180 1190; x_wconf 70' lang='lat' dir='ltr'>rum</span> <span class='ocrx_word' id='word_1_89' title='bbox 197 1178 210 1199; x_wconf 83' lang='lat'><em>‚</em></span> <span class='ocrx_word' id='word_1_90' title='bbox 240 1144 355 1188; x_wconf 82' lang='lat' dir='ltr'>nihil</span> <span class='ocrx_word' id='word_1_91' title='bbox 364 1161 582 1203; x_wconf 86' lang='lat' dir='ltr'>properum</span> <span class='ocrx_word' id='word_1_92' title='bbox 597 1177 610 1199; x_wconf 90' lang='lat'>‚</span> <span class='ocrx_word' id='word_1_93' title='bbox 633 1144 743 1186; x_wconf 78' lang='lat' dir='ltr'>nihil</span> <span class='ocrx_word' id='word_1_94' title='bbox 768 1141 952 1200; x_wconf 70' lang='lat' dir='ltr'>asperum</span> <span class='ocrx_word' id='word_1_95' title='bbox 975 1141 1303 1200; x_wconf 76' lang='lat' dir='ltr'>formidandum</span> <span class='ocrx_word' id='word_1_96' title='bbox 1325 1144 1387 1209; x_wconf 85' lang='lat' dir='ltr'>est.</span> 
     </span>
     <span class='ocr_line' id='line_1_15' title="bbox 91 1209 1389 1278; baseline -0.001 -17"><span class='ocrx_word' id='word_1_97' title='bbox 91 1217 259 1261; x_wconf 85' lang='lat' dir='ltr'>Omnia</span> <span class='ocrx_word' id='word_1_98' title='bbox 278 1215 392 1275; x_wconf 76' lang='lat' dir='ltr'>seria</span> <span class='ocrx_word' id='word_1_99' title='bbox 412 1250 428 1271; x_wconf 87' lang='lat'>,</span> <span class='ocrx_word' id='word_1_100' title='bbox 449 1214 594 1261; x_wconf 66' lang='lat' dir='ltr'>cunc&#39;Ja</span> <span class='ocrx_word' id='word_1_101' title='bbox 630 1215 780 1276; x_wconf 77' lang='lat' dir='ltr'>gravia</span> <span class='ocrx_word' id='word_1_102' title='bbox 796 1247 809 1269; x_wconf 89' lang='lat'>‚</span> <span class='ocrx_word' id='word_1_103' title='bbox 834 1209 876 1258; x_wconf 65' lang='grc' dir='ltr'>δ’</span> <span class='ocrx_word' id='word_1_104' title='bbox 894 1213 1018 1278; x_wconf 83' lang='lat' dir='ltr'>quasi</span> <span class='ocrx_word' id='word_1_105' title='bbox 1042 1213 1134 1273; x_wconf 87' lang='lat' dir='ltr'>ipsa</span> <span class='ocrx_word' id='word_1_106' title='bbox 1164 1216 1389 1275; x_wconf 76' lang='lat' dir='ltr'>respublica</span> 
     </span>
     <span class='ocr_line' id='line_1_16' title="bbox 88 1285 1389 1350; baseline -0.002 -16"><span class='ocrx_word' id='word_1_107' title='bbox 88 1288 262 1345; x_wconf 78' lang='lat' dir='ltr'>jubeat,</span> <span class='ocrx_word' id='word_1_108' title='bbox 290 1290 541 1349; x_wconf 76' lang='lat' dir='ltr'>auguranda</span> <span class='ocrx_word' id='word_1_109' title='bbox 558 1286 676 1345; x_wconf 74' lang='lat' dir='ltr'>sunt.</span> <span class='ocrx_word' id='word_1_110' title='bbox 700 1286 794 1330; x_wconf 79' lang='lat' dir='ltr'>scic</span> <span class='ocrx_word' id='word_1_111' title='bbox 813 1287 919 1330; x_wconf 85' lang='lat' dir='ltr'>enim</span> <span class='ocrx_word' id='word_1_112' title='bbox 937 1321 949 1340; x_wconf 92' lang='lat'>‚</span> <span class='ocrx_word' id='word_1_113' title='bbox 974 1289 1135 1346; x_wconf 83' lang='lat' dir='ltr'>qualem</span> <span class='ocrx_word' id='word_1_114' title='bbox 1150 1285 1240 1350; x_wconf 85' lang='lat' dir='ltr'>fibi</span> <span class='ocrx_word' id='word_1_115' title='bbox 1255 1288 1389 1333; x_wconf 85' lang='lat' dir='ltr'>Prin-</span> 
     </span>
     <span class='ocr_line' id='line_1_17' title="bbox 93 1359 1390 1424; baseline -0.001 -17"><span class='ocrx_word' id='word_1_116' title='bbox 93 1363 223 1422; x_wconf 87' lang='lat' dir='ltr'>cipem</span> <span class='ocrx_word' id='word_1_117' title='bbox 248 1361 412 1421; x_wconf 80' lang='lat' dir='ltr'>semper</span> <span class='ocrx_word' id='word_1_118' title='bbox 444 1363 675 1421; x_wconf 74' lang='lat' dir='ltr'>optaverit:</span> <span class='ocrx_word' id='word_1_119' title='bbox 699 1376 771 1403; x_wconf 83' lang='lat' dir='ltr'>nec</span> <span class='ocrx_word' id='word_1_120' title='bbox 802 1359 931 1424; x_wconf 69' lang='lat' dir='ltr'>potest</span> <span class='ocrx_word' id='word_1_121' title='bbox 957 1362 1082 1404; x_wconf 81' lang='lat' dir='ltr'>aliud</span> <span class='ocrx_word' id='word_1_122' title='bbox 1113 1362 1235 1405; x_wconf 86' lang='lat' dir='ltr'>nobis</span> <span class='ocrx_word' id='word_1_123' title='bbox 1267 1363 1390 1406; x_wconf 73' lang='lat' dir='ltr'>exhi·</span> 
     </span>
     <span class='ocr_line' id='line_1_18' title="bbox 94 1429 1391 1496; baseline -0.001 -15"><span class='ocrx_word' id='word_1_124' title='bbox 94 1437 208 1490; x_wconf 85' lang='lat' dir='ltr'>bere,</span> <span class='ocrx_word' id='word_1_125' title='bbox 235 1454 360 1496; x_wconf 88' lang='lat' dir='ltr'>quam</span> <span class='ocrx_word' id='word_1_126' title='bbox 388 1437 502 1495; x_wconf 77' lang='lat' dir='ltr'>quod</span> <span class='ocrx_word' id='word_1_127' title='bbox 531 1433 614 1494; x_wconf 73' lang='lat' dir='ltr'>ipse</span> <span class='ocrx_word' id='word_1_128' title='bbox 649 1432 895 1496; x_wconf 78' lang='lat' dir='ltr'>desideravit</span> <span class='ocrx_word' id='word_1_129' title='bbox 920 1429 962 1478; x_wconf 62' lang='grc' dir='ltr'>δ’</span> <span class='ocrx_word' id='word_1_130' title='bbox 989 1436 1135 1479; x_wconf 70' lang='lat' dir='ltr'>voluit.</span> <span class='ocrx_word' id='word_1_131' title='bbox 1163 1435 1391 1480; x_wconf 75' lang='lat' dir='ltr'>Enimvero</span> 
     </span>
     <span class='ocr_line' id='line_1_19' title="bbox 83 1507 1395 1573; baseline 0 -20"><span class='ocrx_word' id='word_1_132' title='bbox 83 1508 135 1573; x_wconf 84' lang='lat' dir='ltr'><em>fi</em></span> <span class='ocrx_word' id='word_1_133' title='bbox 157 1513 317 1553; x_wconf 84' lang='lat' dir='ltr'>recolere</span> <span class='ocrx_word' id='word_1_134' title='bbox 340 1511 477 1553; x_wconf 82' lang='lat' dir='ltr'>velitis</span> <span class='ocrx_word' id='word_1_135' title='bbox 507 1507 658 1568; x_wconf 75' lang='lat' dir='ltr'>vetusta</span> <span class='ocrx_word' id='word_1_136' title='bbox 689 1509 765 1550; x_wconf 88' lang='lat' dir='ltr'>illa</span> <span class='ocrx_word' id='word_1_137' title='bbox 787 1507 990 1566; x_wconf 78' lang='lat' dir='ltr'>prodigia</span> <span class='ocrx_word' id='word_1_138' title='bbox 1011 1542 1025 1561; x_wconf 89' lang='lat'>,</span> <span class='ocrx_word' id='word_1_139' title='bbox 1051 1508 1237 1552; x_wconf 75' lang='lat' dir='ltr'>Nerones</span> <span class='ocrx_word' id='word_1_140' title='bbox 1268 1509 1362 1553; x_wconf 85' lang='lat' dir='ltr'>dico</span> <span class='ocrx_word' id='word_1_141' title='bbox 1382 1543 1395 1562; x_wconf 87' lang='lat'><strong>,</strong></span> 
     </span>
     <span class='ocr_line' id='line_1_20' title="bbox 99 1578 1394 1642; baseline -0.002 -15"><span class='ocrx_word' id='word_1_142' title='bbox 99 1580 143 1627; x_wconf 69' lang='grc' dir='ltr'>ὅ·</span> <span class='ocrx_word' id='word_1_143' title='bbox 163 1582 490 1642; x_wconf 77' lang='lat' dir='ltr'><em>Heliogabalos,</em></span> <span class='ocrx_word' id='word_1_144' title='bbox 511 1578 555 1626; x_wconf 63' lang='grc' dir='ltr'><em>Θ</em></span> <span class='ocrx_word' id='word_1_145' title='bbox 580 1581 829 1624; x_wconf 82' lang='lat' dir='ltr'><em>Commodos</em></span> <span class='ocrx_word' id='word_1_146' title='bbox 847 1613 858 1634; x_wconf 93' lang='lat'>‚</span> <span class='ocrx_word' id='word_1_147' title='bbox 871 1578 951 1639; x_wconf 70' lang='lat' dir='ltr'>seu</span> <span class='ocrx_word' id='word_1_148' title='bbox 970 1580 1120 1639; x_wconf 83' lang='lat' dir='ltr'>potius</span> <span class='ocrx_word' id='word_1_149' title='bbox 1139 1581 1300 1640; x_wconf 71' lang='lat' dir='ltr'>semper</span> <span class='ocrx_word' id='word_1_150' title='bbox 1317 1583 1394 1625; x_wconf 88' lang='lat' dir='ltr'>ln-</span> 
     </span>
     <span class='ocr_line' id='line_1_21' title="bbox 99 1655 1396 1716; baseline -0.002 -14"><span class='ocrx_word' id='word_1_151' title='bbox 99 1660 339 1702; x_wconf 78' lang='lat' dir='ltr'>commodos</span> <span class='ocrx_word' id='word_1_152' title='bbox 355 1691 369 1713; x_wconf 91' lang='lat'>,</span> <span class='ocrx_word' id='word_1_153' title='bbox 385 1671 482 1701; x_wconf 88' lang='lat' dir='ltr'>certe</span> <span class='ocrx_word' id='word_1_154' title='bbox 509 1674 596 1701; x_wconf 86' lang='lat' dir='ltr'>non</span> <span class='ocrx_word' id='word_1_155' title='bbox 627 1656 838 1699; x_wconf 79' lang='lat' dir='ltr'>hominum</span> <span class='ocrx_word' id='word_1_156' title='bbox 862 1657 998 1714; x_wconf 77' lang='lat' dir='ltr'>magis</span> <span class='ocrx_word' id='word_1_157' title='bbox 1017 1655 1124 1699; x_wconf 80' lang='lat' dir='ltr'>vitia</span> <span class='ocrx_word' id='word_1_158' title='bbox 1149 1657 1250 1708; x_wconf 79' lang='lat' dir='ltr'>itta,</span> <span class='ocrx_word' id='word_1_159' title='bbox 1272 1674 1396 1716; x_wconf 85' lang='lat' dir='ltr'>quam</span> 
     </span>
     <span class='ocr_line' id='line_1_22' title="bbox 99 1727 1398 1788; baseline -0.001 -13"><span class='ocrx_word' id='word_1_160' title='bbox 99 1745 267 1776; x_wconf 84' lang='lat' dir='ltr'>aetatum</span> <span class='ocrx_word' id='word_1_161' title='bbox 287 1765 299 1787; x_wconf 94' lang='lat'>‚</span> <span class='ocrx_word' id='word_1_162' title='bbox 320 1729 513 1788; x_wconf 86' lang='lat' dir='ltr'>fuerunt.</span> <span class='ocrx_word' id='word_1_163' title='bbox 539 1729 629 1774; x_wconf 90' lang='lat' dir='ltr'>Dii</span> <span class='ocrx_word' id='word_1_164' title='bbox 665 1743 855 1774; x_wconf 83' lang='lat' dir='ltr'>avertant</span> <span class='ocrx_word' id='word_1_165' title='bbox 888 1728 1104 1788; x_wconf 84' lang='lat' dir='ltr'>Principes</span> <span class='ocrx_word' id='word_1_166' title='bbox 1131 1746 1281 1788; x_wconf 87' lang='lat' dir='ltr'>pueros</span> <span class='ocrx_word' id='word_1_167' title='bbox 1299 1747 1319 1784; x_wconf 89' lang='lat'><em>;</em></span> <span class='ocrx_word' id='word_1_168' title='bbox 1354 1727 1398 1774; x_wconf 62' lang='grc' dir='ltr'>δ’</span> 
     </span>
     <span class='ocr_line' id='line_1_23' title="bbox 102 1798 1401 1864; baseline -0.001 -15"><span class='ocrx_word' id='word_1_169' title='bbox 102 1806 253 1850; x_wconf 83' lang='lat' dir='ltr'>Patres</span> <span class='ocrx_word' id='word_1_170' title='bbox 285 1806 430 1863; x_wconf 86' lang='lat' dir='ltr'>patriae</span> <span class='ocrx_word' id='word_1_171' title='bbox 467 1805 553 1848; x_wconf 86' lang='lat' dir='ltr'>dici</span> <span class='ocrx_word' id='word_1_172' title='bbox 583 1804 806 1864; x_wconf 84' lang='lat' dir='ltr'>impuberes</span> <span class='ocrx_word' id='word_1_173' title='bbox 825 1836 838 1857; x_wconf 94' lang='lat'>‚</span> <span class='ocrx_word' id='word_1_174' title='bbox 873 1798 916 1846; x_wconf 66' lang='grc' dir='ltr'>δ’</span> <span class='ocrx_word' id='word_1_175' title='bbox 943 1803 1090 1862; x_wconf 82' lang='lat' dir='ltr'>quibus</span> <span class='ocrx_word' id='word_1_176' title='bbox 1121 1805 1181 1846; x_wconf 83' lang='lat' dir='ltr'>ad</span> <span class='ocrx_word' id='word_1_177' title='bbox 1207 1802 1401 1863; x_wconf 73' lang='lat' dir='ltr'>subscri·</span> 
     </span>
     <span class='ocr_line' id='line_1_24' title="bbox 103 1880 1435 1944; baseline 0.002 -20"><span class='ocrx_word' id='word_1_178' title='bbox 103 1881 282 1924; x_wconf 86' lang='lat' dir='ltr'>bendum</span> <span class='ocrx_word' id='word_1_179' title='bbox 307 1880 492 1944; x_wconf 78' lang='lat' dir='ltr'>magistri</span> <span class='ocrx_word' id='word_1_180' title='bbox 508 1881 684 1925; x_wconf 87' lang='lat' dir='ltr'>literarii</span> <span class='ocrx_word' id='word_1_181' title='bbox 707 1896 861 1924; x_wconf 88' lang='lat' dir='ltr'>manus</span> <span class='ocrx_word' id='word_1_182' title='bbox 878 1893 1044 1924; x_wconf 86' lang='lat' dir='ltr'>teneant</span> <span class='ocrx_word' id='word_1_183' title='bbox 1061 1896 1077 1924; x_wconf 90' lang='lat'>.·</span> <span class='ocrx_word' id='word_1_184' title='bbox 1098 1895 1202 1938; x_wconf 83' lang='lat' dir='ltr'>quos</span> <span class='ocrx_word' id='word_1_185' title='bbox 1219 1882 1280 1924; x_wconf 89' lang='lat' dir='ltr'>aa&#39;</span> <span class='ocrx_word' id='word_1_186' title='bbox 1304 1898 1401 1926; x_wconf 72' lang='lat' dir='ltr'>con-</span> <span class='ocrx_word' id='word_1_187' title='bbox 1434 1928 1435 1931; x_wconf 11' lang='grc' dir='ltr'><strong>Ἴ</strong></span> 
     </span>
     <span class='ocr_line' id='line_1_25' title="bbox 92 1949 1402 2013; baseline 0.003 -17"><span class='ocrx_word' id='word_1_188' title='bbox 92 1954 265 2012; x_wconf 84' lang='lat' dir='ltr'>fitlatus</span> <span class='ocrx_word' id='word_1_189' title='bbox 293 1956 483 2008; x_wconf 86' lang='lat' dir='ltr'>dandos,</span> <span class='ocrx_word' id='word_1_190' title='bbox 515 1956 655 1999; x_wconf 85' lang='lat' dir='ltr'>dulcia</span> <span class='ocrx_word' id='word_1_191' title='bbox 677 1951 719 1999; x_wconf 63' lang='grc' dir='ltr'>δ’</span> <span class='ocrx_word' id='word_1_192' title='bbox 744 1953 916 2008; x_wconf 86' lang='lat' dir='ltr'>circuli,</span> <span class='ocrx_word' id='word_1_193' title='bbox 944 1949 987 1997; x_wconf 68' lang='grc' dir='ltr'>δ’</span> <span class='ocrx_word' id='word_1_194' title='bbox 1010 1970 1258 2013; x_wconf 83' lang='lat' dir='ltr'>qucecunque</span> <span class='ocrx_word' id='word_1_195' title='bbox 1279 1959 1402 2000; x_wconf 76' lang='lat' dir='ltr'>volu-</span> 
     </span>
     <span class='ocr_line' id='line_1_26' title="bbox 100 2027 1405 2091; baseline 0.002 -20"><span class='ocrx_word' id='word_1_196' title='bbox 100 2042 200 2087; x_wconf 86' lang='lat' dir='ltr'>ptas</span> <span class='ocrx_word' id='word_1_197' title='bbox 224 2029 398 2086; x_wconf 86' lang='lat' dir='ltr'>puerilis</span> <span class='ocrx_word' id='word_1_198' title='bbox 437 2029 598 2072; x_wconf 76' lang='lat' dir='ltr'>invitet.</span> <span class='ocrx_word' id='word_1_199' title='bbox 643 2027 749 2088; x_wconf 82' lang='lat' dir='ltr'>Quae</span> <span class='ocrx_word' id='word_1_200' title='bbox 768 2061 782 2083; x_wconf 93' lang='lat'><strong>‚</strong></span> <span class='ocrx_word' id='word_1_201' title='bbox 812 2030 970 2072; x_wconf 87' lang='lat' dir='ltr'>malum</span> <span class='ocrx_word' id='word_1_202' title='bbox 995 2061 1008 2081; x_wconf 87' lang='lat'>‚</span> <span class='ocrx_word' id='word_1_203' title='bbox 1044 2028 1150 2072; x_wconf 87' lang='lat' dir='ltr'>ratio</span> <span class='ocrx_word' id='word_1_204' title='bbox 1179 2028 1234 2091; x_wconf 86' lang='lat' dir='ltr'>est</span> <span class='ocrx_word' id='word_1_205' title='bbox 1263 2031 1405 2075; x_wconf 76' lang='lat' dir='ltr'>habere</span> 
     </span>
     <span class='ocr_line' id='line_1_27' title="bbox 107 2100 1410 2162; baseline 0.002 -17"><span class='ocrx_word' id='word_1_206' title='bbox 107 2101 398 2160; x_wconf 84' lang='lat' dir='ltr'>Imperatorem</span> <span class='ocrx_word' id='word_1_207' title='bbox 413 2100 692 2161; x_wconf 80' lang='lat' dir='ltr'>,quifizmam</span> <span class='ocrx_word' id='word_1_208' title='bbox 712 2119 852 2146; x_wconf 86' lang='lat' dir='ltr'>curare</span> <span class='ocrx_word' id='word_1_209' title='bbox 877 2118 964 2145; x_wconf 91' lang='lat' dir='ltr'>non</span> <span class='ocrx_word' id='word_1_210' title='bbox 984 2101 1173 2145; x_wconf 84' lang='lat' dir='ltr'>noverit:</span> <span class='ocrx_word' id='word_1_211' title='bbox 1192 2103 1286 2161; x_wconf 86' lang='lat' dir='ltr'>qui,</span> <span class='ocrx_word' id='word_1_212' title='bbox 1307 2104 1410 2162; x_wconf 82' lang='lat' dir='ltr'>quid</span> 
     </span>
     <span class='ocr_line' id='line_1_28' title="bbox 99 2173 1412 2237; baseline 0.004 -20"><span class='ocrx_word' id='word_1_213' title='bbox 99 2173 160 2237; x_wconf 81' lang='lat' dir='ltr'>sit</span> <span class='ocrx_word' id='word_1_214' title='bbox 189 2174 415 2233; x_wconf 76' lang='lat' dir='ltr'>respublica</span> <span class='ocrx_word' id='word_1_215' title='bbox 431 2209 444 2229; x_wconf 85' lang='lat'>‚</span> <span class='ocrx_word' id='word_1_216' title='bbox 465 2175 649 2234; x_wconf 69' lang='lat' dir='ltr'>nesciat,</span> <span class='ocrx_word' id='word_1_217' title='bbox 673 2176 911 2219; x_wconf 82' lang='lat' dir='ltr'>nutritorem</span> <span class='ocrx_word' id='word_1_218' title='bbox 943 2177 1087 2219; x_wconf 84' lang='lat' dir='ltr'>timeat</span> <span class='ocrx_word' id='word_1_219' title='bbox 1103 2210 1115 2231; x_wconf 93' lang='lat'>‚</span> <span class='ocrx_word' id='word_1_220' title='bbox 1139 2176 1327 2236; x_wconf 79' lang='lat' dir='ltr'>respiciat</span> <span class='ocrx_word' id='word_1_221' title='bbox 1350 2178 1412 2223; x_wconf 70' lang='lat' dir='ltr'>ad</span> 
     </span>
     <span class='ocr_line' id='line_1_29' title="bbox 109 2249 1411 2313; baseline 0.004 -22"><span class='ocrx_word' id='word_1_222' title='bbox 109 2249 307 2292; x_wconf 85' lang='lat' dir='ltr'>nutricem</span> <span class='ocrx_word' id='word_1_223' title='bbox 324 2282 337 2302; x_wconf 90' lang='lat'>‚</span> <span class='ocrx_word' id='word_1_224' title='bbox 366 2266 568 2293; x_wconf 87' lang='lat' dir='ltr'>manuum</span> <span class='ocrx_word' id='word_1_225' title='bbox 590 2249 888 2313; x_wconf 80' lang='lat' dir='ltr'>magistralium</span> <span class='ocrx_word' id='word_1_226' title='bbox 914 2249 1411 2310; x_wconf 63' lang='lat' dir='ltr'>ic‘iibusterroriquesub·</span> 
     </span>
     <span class='ocr_line' id='line_1_30' title="bbox 106 2320 1410 2383; baseline 0.002 -17"><span class='ocrx_word' id='word_1_227' title='bbox 106 2320 279 2376; x_wconf 84' lang='lat' dir='ltr'>jaceat:</span> <span class='ocrx_word' id='word_1_228' title='bbox 299 2320 445 2379; x_wconf 71' lang='lat' dir='ltr'>faciat</span> <span class='ocrx_word' id='word_1_229' title='bbox 475 2338 543 2367; x_wconf 90' lang='lat' dir='ltr'>eos</span> <span class='ocrx_word' id='word_1_230' title='bbox 576 2323 808 2382; x_wconf 87' lang='lat' dir='ltr'>Consules,</span> <span class='ocrx_word' id='word_1_231' title='bbox 838 2324 985 2376; x_wconf 69' lang='lat' dir='ltr'>duces,</span> <span class='ocrx_word' id='word_1_232' title='bbox 1008 2322 1171 2376; x_wconf 76' lang='lat' dir='ltr'>judices</span> <span class='ocrx_word' id='word_1_233' title='bbox 1194 2356 1206 2372; x_wconf 82' lang='grc'>,</span> <span class='ocrx_word' id='word_1_234' title='bbox 1242 2341 1410 2383; x_wconf 82' lang='lat' dir='ltr'>quorum</span> 
     </span>
     <span class='ocr_line' id='line_1_31' title="bbox 112 2394 1415 2459; baseline 0.002 -19"><span class='ocrx_word' id='word_1_235' title='bbox 112 2397 254 2450; x_wconf 72' lang='lat' dir='ltr'>vitas,</span> <span class='ocrx_word' id='word_1_236' title='bbox 280 2396 452 2450; x_wconf 85' lang='lat' dir='ltr'>merita,</span> <span class='ocrx_word' id='word_1_237' title='bbox 477 2410 614 2439; x_wconf 86' lang='lat' dir='ltr'>aetates</span> <span class='ocrx_word' id='word_1_238' title='bbox 636 2429 650 2452; x_wconf 89' lang='lat'><strong>,</strong></span> <span class='ocrx_word' id='word_1_239' title='bbox 665 2394 897 2453; x_wconf 84' lang='lat' dir='ltr'>familias,</span> <span class='ocrx_word' id='word_1_240' title='bbox 928 2395 1035 2459; x_wconf 63' lang='lat' dir='ltr'>gesta</span> <span class='ocrx_word' id='word_1_241' title='bbox 1063 2413 1150 2438; x_wconf 83' lang='lat' dir='ltr'>non</span> <span class='ocrx_word' id='word_1_242' title='bbox 1176 2398 1297 2440; x_wconf 84' lang='lat' dir='ltr'>no&#39;rit.</span> <span class='ocrx_word' id='word_1_243' title='bbox 1329 2399 1415 2442; x_wconf 85' lang='lat' dir='ltr'>Sea&#39;</span> 
     </span>
     <span class='ocr_line' id='line_1_32' title="bbox 117 2467 1416 2532; baseline 0.003 -21"><span class='ocrx_word' id='word_1_244' title='bbox 117 2468 224 2526; x_wconf 81' lang='lat' dir='ltr'>quid</span> <span class='ocrx_word' id='word_1_245' title='bbox 240 2469 402 2513; x_wconf 85' lang='lat' dir='ltr'>diutius</span> <span class='ocrx_word' id='word_1_246' title='bbox 415 2501 430 2527; x_wconf 88' lang='lat'>‚</span> <span class='ocrx_word' id='word_1_247' title='bbox 459 2468 607 2514; x_wconf 84' lang='lat' dir='ltr'>Patres</span> <span class='ocrx_word' id='word_1_248' title='bbox 629 2467 876 2528; x_wconf 80' lang='lat' dir='ltr'>conscripti,</span> <span class='ocrx_word' id='word_1_249' title='bbox 893 2469 1150 2528; x_wconf 77' lang='lat' dir='ltr'>protrahor?</span> <span class='ocrx_word' id='word_1_250' title='bbox 1169 2470 1306 2531; x_wconf 81' lang='lat' dir='ltr'>magis</span> <span class='ocrx_word' id='word_1_251' title='bbox 1320 2488 1416 2532; x_wconf 75' lang='lat' dir='ltr'>gra-</span> 
     </span>
    </p>
   </div>
   <div class='ocr_carea' id='block_1_3' title="bbox 1024 2539 1132 2586">
    <p class='ocr_par' dir='ltr' id='par_1_4' title="bbox 1024 2539 1132 2586">
     <span class='ocr_line' id='line_1_33' title="bbox 1024 2539 1132 2586; baseline 0.009 -1"><span class='ocrx_word' id='word_1_252' title='bbox 1024 2539 1132 2586; x_wconf 89' lang='lat' dir='ltr'>N2</span> 
     </span>
    </p>
   </div>
  </div>
 </body>
</html>
