1637 2785
304 108 1123 161 MAX1M1N1DUO.
1308 127 1368 176 ις

88 213 338 266 ditionibus
371 234 465 265 non
507 217 605 264 satis
644 218 801 280 posset.
835 218 1028 283 denique
1070 236 1227 284 magna
1266 236 1371 283 pars

89 291 226 340 Urbis
253 291 429 338 incensa
458 291 534 340 est.
568 292 622 337 Et
651 304 875 338 recreatus
908 293 1087 355 quidem
1122 295 1373 356 Imperator

88 361 235 410 fuerat
267 362 571 420 Maximinus,
591 363 739 410 audita
775 377 923 410 morte
952 364 1204 423 Gordiani,
1236 378 1374 429 atque

87 434 184 495 ejus
213 432 331 493 filii,
357 434 588 496 Capeliani
625 433 829 481 vietoria.
860 452 1019 495 verum
1053 438 1129 484 ubi
1167 441 1215 486 δι
1251 438 1376 487 aliud

89 506 518 555 senatusconsultum
541 507 741 570 accepit,
764 523 857 571 quo
878 508 1126 568 Maximus,
1146 512 1196 559 δι
1220 512 1375 560 Balbi-

87 595 202 636 nuS,
226 581 275 628 &
307 579 565 627 Gordianus
592 583 884 642 Imperatores
910 582 1119 643 appellati
1143 582 1271 643 sunt,
1302 586 1376 633 in&

87 651 291 707 tellexit,
319 653 502 699 Senatus
527 653 632 700 odia
651 652 734 700 effe
755 666 965 717 perpetua
983 687 998 714 ,
1016 656 1066 703 δι
1090 654 1130 702 se
1158 672 1263 705 vere
1292 658 1379 705 ho-

88 724 198 772 stem
233 723 436 772 omnium
467 723 636 788 judicio
658 725 824 775 haberi.

155 798 285 846 XXI.
315 797 476 846 Acrior
512 797 702 861 denique
743 798 911 847 ltaliam
941 798 1154 866 ingreffus
1189 801 1264 850 est.
1299 802 1378 852 ubi

89 888 195 922 cum
222 874 529 936 comperisset,
554 875 802 922 Maximum
826 889 984 923 contra
1003 877 1045 923 se
1073 876 1274 936 missum,
1298 894 1380 926 ve-

88 945 345 995 hementius
386 946 600 1004 saeviem,
646 949 864 1012 quadrato
902 949 1076 1013 agmine
1120 952 1379 999 Hemonam

90 1020 237 1068 venit.
273 1020 357 1066 Sed
387 1020 738 1081 provincialium
770 1021 974 1068 omnium
1008 1024 1242 1070 consilium
1285 1026 1380 1072 hoc

90 1091 204 1150 fuit,
220 1106 285 1151 ut,
306 1092 486 1139 sublatis
505 1093 732 1152 omnibus,
748 1110 848 1157 quae
868 1094 1033 1143 vicium
1055 1097 1253 1157 praebere
1274 1097 1380 1159 pos-

90 1165 217 1224 sent,
246 1165 360 1212 intra
395 1166 600 1213 civitates
636 1166 678 1213 se
701 1166 982 1230 reciperent,
1020 1180 1067 1213 ut
1104 1168 1381 1218 Maximinus

90 1254 199 1287 cum
226 1237 426 1284 exercitu
453 1236 569 1284 fame
596 1251 838 1302 urgeretur.
861 1239 1054 1302 denique
1083 1240 1159 1286 ubi
1184 1241 1379 1303 primum

90 1312 229 1362 castra
253 1311 297 1358 in
326 1328 489 1375 campo
510 1312 684 1374 posuit,
706 1328 849 1375 neque
875 1313 1117 1377 quidquam
1148 1332 1379 1365 commea-

91 1395 164 1431 tus
189 1382 430 1445 reperiret,
459 1382 664 1431 incensus
693 1398 852 1432 contra
872 1400 975 1431 eum
1004 1386 1223 1433 exercitus
1250 1388 1380 1448 suus,

91 1457 221 1521 quod
258 1455 374 1504 fame
405 1456 451 1503 in
482 1456 607 1504 ltalia
637 1456 895 1514 laborasset,
916 1456 962 1502 in
993 1474 1083 1520 qua
1112 1460 1212 1520 post
1242 1461 1382 1524 Alpes

92 1530 286 1578 recreari
305 1530 345 1577 se
367 1529 488 1593 poffe
510 1529 743 1587 credebat,
770 1546 1048 1576 murmurare
1071 1532 1263 1593 primum
1283 1551 1380 1583 coe-

93 1601 195 1666 pit,
224 1601 383 1648 deinde
419 1601 552 1648 etiam
588 1601 737 1664 aliqua
764 1601 901 1648 libere
935 1601 1095 1649 dicere.
1124 1604 1235 1652 Haec
1274 1623 1378 1656 cum

94 1675 234 1723 vellet
279 1674 508 1722 vindicare
532 1710 546 1733 ,
587 1674 778 1721 multum
824 1674 986 1720 exarsit
1023 1676 1286 1738 exercitus,
1327 1682 1379 1729 &

94 1749 253 1796 odium
282 1749 464 1797 tacitum
489 1748 533 1796 in
569 1761 743 1812 tempus
771 1748 968 1807 distulit,
997 1751 1120 1812 quod
1158 1752 1265 1799 loco
1297 1753 1378 1803 suo

94 1821 240 1870 statim
278 1823 490 1885 prodidit.
519 1824 723 1888 Plerique
759 1823 857 1871 sane
896 1822 1079 1879 dicunt,
1110 1824 1247 1887 ipsam
1287 1829 1380 1875 He-

94 1911 278 1943 monam
312 1913 496 1944 vacuam
519 1900 568 1946 &
597 1898 812 1945 desertam
840 1897 1070 1945 inventam
1089 1899 1200 1958 effe,
1227 1902 1381 1949 Maxi-

94 1969 225 2017 mino
255 1970 384 2018 stulte
411 1971 613 2030 laetante,
647 1972 774 2035 quod
807 1971 927 2036 quafi
956 1972 1116 2020 civitas
1156 1986 1252 2021 tota
1290 1977 1380 2023 ces·

97 2041 224 2089 fiffet.
254 2043 358 2090 Post
383 2042 472 2093 hoc
501 2043 755 2108 Aquileiam
782 2045 935 2103 venit,
954 2061 1054 2108 quae
1083 2060 1241 2093 contra
1273 2065 1378 2096 eum

94 2114 276 2160 armatis
303 2114 419 2162 circa
445 2132 598 2162 muros
627 2115 871 2179 dispositis,
902 2128 1053 2177 portas
1087 2117 1264 2164 clausit:
1295 2137 1379 2169 nec

94 2186 378 2249 oppugnatio
409 2184 571 2246 defuit,
594 2188 867 2251 Menophilo
891 2190 938 2236 δι
965 2187 1178 2251 Crispino
1210 2192 1379 2239 consu-

94 2256 261 2304 laribus
289 2258 399 2305 viris
426 2259 694 2309 austoribus.

163 2331 314 2379 ΧΧΠ.
348 2333 464 2380 Cum
509 2333 644 2397 igitur
677 2333 835 2381 frustra
874 2332 1096 2380 obfideret
1132 2333 1380 2397 Aquileiam

97 2403 407 2468 Maximinus,
438 2405 607 2471 legatos
633 2407 682 2457 in
706 2409 892 2457 eandem
922 2410 1075 2454 urbem
1112 2407 1228 2456 misit
1249 2425 1262 2456 :
1282 2410 1384 2473 qui-

1019 2478 1056 2524 Β
1091 2494 1117 2525 2
