1714 2807
375 403 670 472 FLAVII
716 403 1071 472 VOPISCI
1116 403 1585 474 SYRACUSII

435 599 808 690 CARUS,
856 598 1534 696 NUMERIANUS

934 773 1029 813 ET

603 919 1340 1006 CARINU-S.

340 1273 372 1318 Ι.
407 1231 584 1319 FATO
605 1271 926 1331 rempublicam
950 1271 1067 1333 regi,
1085 1286 1274 1332 eamque
1295 1286 1414 1318 nunc
1431 1269 1484 1316 ad
1506 1269 1622 1317 suini

340 1360 461 1389 mum
486 1343 646 1401 evehi,
679 1359 800 1390 nunc
827 1343 882 1389 ad
909 1342 1094 1390 minima
1119 1344 1307 1401 retrahi,
1335 1344 1468 1390 Probi
1499 1358 1621 1390 mors

340 1416 439 1463 satis
465 1408 680 1478 prodidit.
711 1417 825 1462 Nam
857 1433 959 1463 cum
997 1411 1123 1464 duila
1159 1434 1237 1478 per
1271 1430 1503 1480 tempora,
1535 1433 1620 1464 va-

338 1489 414 1536 riis
443 1489 516 1536 vel
541 1489 681 1536 ereffia
713 1489 938 1545 motibus,
969 1490 1043 1535 vel
1078 1490 1262 1547 affliela,
1294 1506 1415 1537 nunc
1451 1502 1622 1552 tempe-

340 1562 448 1608 state
476 1561 646 1623 aliqua,
669 1578 792 1609 nunc
821 1560 1032 1607 felicitate
1060 1561 1231 1607 variata
1251 1594 1264 1618 ,
1293 1561 1449 1606 omnia
1475 1576 1620 1622 prope

338 1634 454 1698 pafl'a
479 1635 607 1692 esset,
629 1652 729 1698 quae
758 1634 923 1696 patitur
943 1633 989 1679 in
1015 1633 1198 1679 homine
1226 1649 1322 1680 uno
1350 1632 1621 1692 mortalitas,

339 1707 574 1755 videbatur
611 1707 710 1768 post
738 1707 1037 1753 diversitatem
1069 1707 1289 1752 malorum
1317 1705 1403 1767 jam
1441 1706 1626 1765 secura,'

341 1779 602 1827 continuata
622 1778 836 1825 felicitate
856 1779 1057 1825 manstlra
1077 1814 1091 1836 ,
1110 1780 1208 1840 post
1232 1779 1520 1826 Aurelianum
1542 1796 1619 1827 ve-

340 1855 596 1903 hementem
628 1852 908 1914 Principem,
936 1853 1087 1898 Probo
1112 1868 1167 1897 ex
1199 1851 1410 1897 sententia
1432 1854 1620 1898 Senatus

341 1929 392 1974 &
415 1927 572 1990 populi
592 1927 709 1989 leges
726 1928 776 1973 &
795 1925 1094 1990 gubern-nacula
1114 1937 1402 1985 temperante.
1421 1927 1506 1971 Sed
1524 1925 1619 1972 rui-

341 2017 397 2046 na
429 2002 611 2063 ingens,
644 2001 719 2045 vel
748 1998 965 2062 naufragii
989 2000 1157 2054 morlo,
1187 1999 1260 2044 vel
1293 1999 1519 2054 incendii,
1546 2015 1620 2048 ac-

342 2073 481 2121 censis
500 2073 691 2119 fataliter
711 2073 952 2129 militibus,
974 2071 1148 2127 sublato
1176 2088 1200 2117 e
1223 2072 1372 2117 medio
1393 2072 1467 2118 tali
1494 2071 1618 2119 Prin-

344 2147 470 2210 cipe,
500 2146 544 2192 in
572 2164 666 2193 eam
697 2146 1047 2207 desperationem
1077 2158 1237 2190 votum
1263 2145 1492 2207 publicum
1519 2146 1618 2192 red-

342 2222 432 2283 egit
449 2256 462 2277 ‚
482 2234 529 2268 ut
556 2220 765 2267 timerent
784 2234 941 2265 omnes
964 2218 1287 2273 Domitianos,
1314 2219 1551 2274 Vitellios,
1569 2221 1619 2267 δε

343 2295 562 2342 Nerones.
602 2294 702 2357 plus
737 2293 856 2339 enim
893 2294 1074 2339 timetur
1110 2293 1166 2338 de
1204 2292 1383 2338 incertis
1415 2292 1617 2338 moribus

343 2369 587 2447 Principis,
616 2385 749 2433 quam
784 2368 1005 2429 speratum
1037 2367 1230 2414 maxime
1260 2367 1306 2412 in
1335 2383 1385 2413 ea
1418 2367 1616 2429 ιερυΜί-

345 2459 426 2503 ca,
456 2460 558 2508 quae
591 2441 843 2492 recentibus
873 2440 1075 2491 confofia
1108 2440 1391 2499 vulneribus,
1420 2438 1614 2487 Valeria-
