1714 2807
343 208 427 253 116
542 183 1414 275 AERLIILAMPRIDII

332 310 515 362 flamine
545 306 699 354 addito
719 339 733 362 ‚
767 316 903 364 quem
940 294 1031 360 ipse
1062 293 1197 343 νίνιιε
1227 289 1304 338 fibi
1343 295 1575 351 paraverat
1601 318 1616 342 ,

334 384 623 435 HercuIaneo
648 372 1004 425 Commod‘rano.
1034 369 1223 414 Sorores
1254 377 1342 411 tres
1369 357 1620 423 superstites

336 456 531 521 reliquit.
563 455 626 500 Ut
654 448 812 497 natalis
840 445 934 506 ejus
962 441 1261 491 celebraretur
1282 472 1297 496 ‚
1331 436 1520 482 Severus
1554 428 1622 476 in-

337 531 499 583 stituit„

401 604 568 654 XVIII.
584 592 944 645 Acclamationes
956 591 1142 635 Senatus
1155 584 1254 648 post
1269 591 1462 630 mortem
1483 578 1626 624 Com·

340 677 467 728 modi
505 687 662 739 graves
694 667 888 714 fuerunt.
915 665 979 710 Ut
1007 673 1156 707 autern
1181 657 1363 704 sciretur
1381 689 1393 709 ‚
1413 650 1537 715 quod
1554 647 1627 710 ju-

340 751 505 799 dicium
545 747 730 791 Senatus
760 739 813 785 de
845 732 1109 783 Commodo
1142 727 1305 782 fuerit,
1341 723 1453 787 ipsas
1484 721 1629 769 accla-

341 822 564 872 mationes
593 816 646 861 de
676 811 825 858 Mario
857 807 1060 854 Maximo
1090 801 1230 850 indidi
1249 835 1264 856 ‚
1289 801 1338 846 &
1371 794 1632 843 sententiam

344 885 754 943 Senaxusconsulti:
788 883 858 928 Ho
895 883 908 926 i
936 881 1082 941 patriae
1120 878 1294 921 honores
1328 871 1595 916 detrahantur
1618 881 1636 911 .·

339 966 559 1031 parricidae
585 964 755 1006 honores
786 955 1083 1000 detrahantur:
1107 947 1321 1009 parricida
1344 944 1539 988 trahatur.
1557 942 1635 985 ho-

339 1042 420 1107 flis
440 1036 589 1098 patriae
604 1067 616 1085 ‚
634 1030 848 1092 parricida
863 1060 875 1080 ‚
902 1025 1136 1086 gladiator,
1159 1023 1202 1065 in
1220 1019 1429 1078 spoliario
1447 1015 1636 1058 lanietur.

352 1112 475 1178 hostis
517 1110 738 1154 Deorum,
773 1097 966 1155 carnifex
1000 1097 1184 1139 Senatus
1206 1125 1220 1145 ,
1259 1089 1381 1154 hostis
1415 1086 1604 1129 Deorum
1624 1115 1640 1139 ,

343 1183 558 1249 parricida
580 1180 776 1223 Senatus.
799 1170 922 1235 hostis
945 1169 1159 1221 Deorum,
1180 1161 1303 1226 hostis
1330 1163 1519 1204 Senatus.
1547 1158 1641 1216 gla-

352 1262 552 1311 diatorem
571 1255 614 1296 in
623 1247 842 1310 spoliario.
868 1245 940 1304 qui
958 1246 1159 1286 Senatum
1180 1237 1355 1287 occidit,
1377 1230 1640 1292 inspoliario

347 1345 533 1396 ponatur
547 1315 568 1369 ¹.-
589 1326 658 1385 qui
680 1326 881 1366 Senatum
904 1315 1076 1367 occidit,
1095 1327 1199 1356 unco
1229 1308 1418 1352 trahatur
1439 1320 1454 1346 :
1480 1304 1551 1362 qui
1573 1301 1643 1344 in·

357 1419 541 1453 nocentes
568 1398 742 1450 occidit,
769 1409 873 1439 unco
892 1388 1080 1435 trahatur
1095 1402 1110 1429 :
1140 1382 1282 1447 hostis,
1300 1377 1511 1440 parricida
1525 1409 1538 1431 ‚
1556 1391 1643 1419 vere

345 1483 498 1547 severe.
525 1478 594 1538 qui
619 1469 827 1534 sanguini
845 1466 929 1527 suo
957 1480 1043 1508 non
1066 1457 1270 1520 pepercit,
1301 1470 1407 1499 unco
1441 1451 1643 1496 trahatur.

357 1559 426 1619 qui
457 1571 492 1599 te
519 1552 717 1608 occisurus
735 1543 853 1602 fuit,
875 1556 980 1585 unco
1008 1536 1207 1582 trahatur.
1239 1527 1470 1586 Nobiscum
1495 1522 1646 1567 timui·

346 1630 407 1697 sti
422 1663 435 1684 ,
463 1624 668 1684 nobiscum
684 1617 944 1679 periclitatus
975 1627 1029 1654 es.
1064 1603 1256 1666 Utsalvi
1271 1600 1406 1665 simus
1421 1631 1434 1653 ‚
1454 1595 1645 1655 Iuppiter

362 1704 512 1763 optime
543 1696 753 1748 maxime,
773 1690 896 1750 serva
924 1684 1042 1729 nobis
1065 1682 1336 1726 Pertinacem.
1355 1672 1478 1716 Fidei
1501 1683 1650 1730 praeto-

364 1779 575 1822 rianorum
597 1768 805 1825 feliciter:
831 1758 1033 1821 praetoriis
1060 1753 1293 1799 cohortibus
1307 1745 1517 1805 feliciter:
1535 1757 1651 1787 exer-

365 1849 515 1895 citibus
539 1842 746 1889 Romanis
751 1837 958 1896 feliciter:
975 1830 1125 1892 pietati
1146 1829 1327 1870 Senatus
1335 1818 1527 1879 feliciter.
1548 1817 1655 1861 Par·
1712 1827 1714 1877 ζ

369 1920 502 1967 ricida
530 1916 730 1962 trahatur.
762 1912 976 1970 Rogamus
995 1938 1008 1958 ‚
1039 1898 1218 1962 Auguste
1235 1929 1248 1950 ‚
1276 1892 1485 1955 parricida
1509 1888 1656 1933 traha·
1693 1896 1714 1933 'j

368 2010 446 2039 tur.
466 1991 559 2034 Hoc
579 2000 771 2046 rogamus
792 2015 806 2038 ‚
828 1977 1041 2041 parricida
1064 1973 1268 2018 trahatur.
1295 1964 1476 2010 Exaudi
1505 1960 1659 2020 Caesar„

371 2068 594 2111 Delatores
615 2060 673 2103 ad
698 2060 852 2100 leonem
869 2087 882 2106 ‚
903 2048 1062 2096 exaudi
1082 2044 1227 2104 Caesar.
1256 2041 1480 2085 Delatores
1499 2036 1559 2078 ad
1573 2036 1658 2077 leo-
1712 2041 1714 2049 ⁴

371 2156 461 2183 nem
478 2171 490 2189 ,
509 2133 663 2180 exaudi
683 2128 827 2186 Cacsar.
855 2128 1073 2184 Speratum
1106 2119 1163 2163 ad
1188 2120 1357 2160 leonem.
1384 2109 1569 2156 Vifloriae
1581 2124 1660 2166 po·
1713 2124 1714 2155 j

367 2211 461 2271 puli
483 2200 882 2258 Ronlanifiliciter:
893 2193 996 2254 fidei
1025 2191 1204 2235 militum
1218 2184 1400 2243 feliciter
1411 2180 1539 2238 :fidei
1553 2195 1661 2238 prae-

373 2284 632 2327 torianorum
648 2273 853 2333 feliciter:
882 2265 1111 2313 cohortibus
1129 2259 1332 2321 praetoriis
1343 2255 1534 2314 feliciter.
1565 2251 1662 2296 Ho-

367 2356 444 2420 stis
459 2354 625 2419 statuas
658 2348 834 2406 undique
855 2378 868 2396 ‚
899 2339 1119 2401 parricidae
1133 2335 1301 2400 statuas
1329 2331 1507 2389 undiquc
1526 2360 1540 2383 ,
1570 2329 1662 2387 gla-

378 2428 558 2470 diatoris
570 2423 737 2487 statuas
765 2418 942 2474 undique
960 2448 971 2467 ,
996 2408 1244 2471 gladiatoris
1277 2401 1319 2449 δ’
1345 2401 1562 2463 parricidae
1574 2397 1667 2461 sta·
1713 2420 1714 2433 ι

379 2515 457 2546 tuae
485 2496 760 2544 detrahantur.
797 2500 963 2533 necator
996 2483 1149 2528 civium
1185 2478 1376 2524 trahatur
1397 2489 1415 2519 .·
1447 2468 1664 2532 parricida
1712 2470 1714 2480 ¹
