1714 2807
293 165 360 212 60

410 495 694 565 JULII
754 496 1458 566 CAPITOLINI

299 720 1578 795 MAXIMUS

893 899 985 939 ET

516 1062 1360 1141 BALBINUS.

654 1273 838 1290 -nh——n

300 1443 332 1488 l.
370 1400 710 1486 Its-numm
738 1438 783 1483 {n
811 1437 962 1484 Africa
999 1437 1236 1484 Gordiano
1273 1437 1446 1486 seniore
1474 1457 1576 1488 cum

300 1514 421 1570 filio,
455 1530 555 1560 cum
590 1512 862 1557 Maximinus
896 1513 948 1556 ad
980 1512 1149 1558 Urbem
1188 1512 1336 1558 furens
1374 1515 1580 1573 veniret,

299 1599 376 1642 ut,
403 1587 524 1649 quod
550 1585 772 1632 Gordiani
798 1584 980 1648 Augusti
1005 1584 1213 1646 appellati
1243 1584 1447 1641 fuerant,
1475 1586 1579 1632 vin-

299 1659 495 1714 dicaret,
526 1658 711 1703 Senatus
745 1657 1021 1719 pertrepidus
1053 1656 1098 1701 in
1134 1657 1270 1702 aedem
1303 1659 1582 1705 Concordiae

299 1732 488 1794 septimo
519 1731 747 1777 Kalendas
778 1730 893 1778 Junii
924 1729 1177 1786 concurrit,
1208 1730 1319 1776 ludis
1343 1732 1579 1793 Apollina-

298 1806 447 1862 ribus,
471 1804 713 1851 remedium
752 1816 908 1851 contra
944 1803 1140 1849 furorem
1172 1803 1369 1851 hominis
1405 1805 1580 1866 impro-

298 1880 458 1927 biffimi
496 1879 739 1942 requirens.
765 1881 878 1926 Cum
906 1879 1040 1942 igitur
1067 1880 1157 1925 duo
1192 1879 1489 1937 Consulares,
1527 1882 1580 1930 δε

299 1953 545 1999 eminentes
568 1952 745 2014 quidem
777 1951 887 2010 viri,
906 1952 1127 1998 Maximus
1152 1952 1199 1998 &
1215 1952 1420 1998 Balbinus
1439 1952 1578 2017 (quo-

300 2043 395 2072 rum
420 2024 644 2071 Maximus
673 2042 694 2070 a
721 2025 938 2088 plerisque
966 2025 1012 2070 in
1042 2024 1222 2070 historia
1258 2025 1496 2081 reticetur,
1526 2027 1578 2073 δε

299 2098 409 2145 10εο
437 2096 530 2156 ejus
558 2096 743 2157 Pupieni
774 2112 940 2143 nornen
964 2095 1168 2143 infertur:
1197 2113 1297 2143 cum
1323 2098 1374 2145 ὃ(
1398 2097 1577 2160 Dexip-

299 2186 381 2234 pus
421 2171 468 2217 &
501 2168 741 2216 Arabianus
777 2170 1026 2215 Maximum
1067 2170 1115 2215 ὅ(
1151 2169 1383 2216 Balbinum
1424 2169 1578 2217 dicant

299 2244 463 2291 εἰεᾶος
493 2255 652 2290 contra
683 2242 975 2289 Maximinum
1009 2242 1105 2304 post
1137 2242 1420 2300 Gordianos,
1455 2259 1577 2305 quo·

299 2335 397 2365 rum
428 2318 535 2365 alter
557 2317 783 2374 bonitate,
806 2317 972 2364 virtute
999 2315 1107 2361 alter
1130 2332 1179 2362 ac
1202 2314 1433 2361 severitate
1450 2346 1464 2370 ‚
1485 2314 1577 2360 cla-

299 2389 335 2436 ri
367 2388 674 2451 habebantur)
711 2387 886 2451 ingressi
916 2387 1050 2433 essent
1085 2385 1254 2432 curiam
1277 2420 1291 2443 ,
1327 2401 1377 2431 ac
1412 2400 1501 2445 prae
1532 2386 1575 2431 se

299 2462 508 2511 timorem
543 2460 779 2512 Maximini
829 2461 1029 2511 adventu
1067 2457 1232 2508 ferrent
1264 2456 1575 2508 ostenderent0,
