1637 2785
290 116 840 166 GORDIANl
906 115 1172 163 TRES.
1313 128 1378 177 37

18 236 21 241 “
80 223 251 289 gratia,
278 225 405 287 quod
427 240 452 270 a
480 221 714 270 Maximini
746 219 977 268 furoribus
1001 221 1120 268 haud
1138 220 1270 267 dubie
1288 219 1376 272 ini-e

81 298 314 355 minebat,
347 300 668 360 Imperatorem
700 293 740 340 se
771 294 985 356 appellari
1015 294 1162 358 paffus
1189 293 1265 343 est.

161 372 244 420 1X.
273 373 379 418 Erat
415 383 561 419 autem
593 367 681 429 jam
712 369 1055 431 oflogenarius,
1090 371 1138 416 &
1171 366 1376 431 plurimis

79 444 336 507 provinciis
369 442 451 507 (ut
490 438 722 504 diximus)
755 453 856 487 ante
893 441 1162 502 praefuerat:
1198 441 1376 504 populo

80 517 296 562 Romano
317 516 376 561 ita
396 513 736 562 commendatus
758 511 842 558 suis
867 513 1036 559 afflbus
1057 527 1176 568 erat,
1199 527 1248 558 ut
1268 526 1374 559 toto

79 588 243 650 dignus
265 587 492 634 videretur
527 586 739 648 imperio.
771 585 859 632 Alii
884 585 1067 649 quidem
1085 620 1100 642 ,
1126 585 1281 633 occiso
1303 584 1375 644 ju-

78 674 200 706 vene
226 657 583 706 Gordianos-ilio
610 656 719 714 suo,
740 658 868 720 quod
894 656 1154 705 Gordianus
1173 670 1275 703 ante
1296 672 1375 703 ne-

77 729 267 778 scierat:
297 730 369 777 sed
395 731 472 777 ubi
501 747 595 777 rem
617 730 868 792 comperit,
893 728 977 790 jam
1003 729 1142 776 morti
1164 728 1375 788 vicinus,

77 803 132 851 &
164 802 260 850 filio
291 803 430 867 magis
460 802 653 861 timens,
684 802 840 850 maluit
870 801 1079 849 honestas
1108 800 1255 849 causas
1289 802 1373 848 ha-

75 876 186 924 bere
208 877 457 934 moriendi,
477 894 612 940 quam
645 877 747 924 dedi
774 876 971 924 vinculis
1000 877 1051 923 &
1082 876 1245 923 carceri
1269 879 1373 923 Ma-

75 949 254 997 ximini.
282 951 523 1014 Appellato
552 951 685 1014 igitur
704 951 946 997 Gordiano
974 951 1249 1011 Imperatore
1265 984 1277 1006 ,
1298 947 1375 1010 ju·-

75 1037 248 1081 venes,
278 1025 356 1087 qui
385 1025 587 1071 atit‘ftores
614 1023 745 1084 hujus
774 1023 986 1070 facinoris
1016 1021 1173 1078 erant,
1206 1021 1373 1069 statuas

75 1094 321 1143 Maximini
350 1096 639 1155 dejecerunt,
664 1096 879 1158 imagines
908 1096 1253 1159 perfregerunt,
1279 1110 1374 1141 no-

77 1183 182 1214 men
211 1168 455 1231 publicitus
481 1169 724 1217 eraserunt.
745 1167 890 1229 Ipsum
922 1168 1054 1215 etiam
1081 1166 1372 1215 Gordianum

77 1242 339 1302 Africanum
361 1243 721 1306 appellaverunt.
736 1242 921 1289 Addunt
939 1242 1147 1306 quidam,
1169 1238 1372 1288 Africani
1418 1306 1421 1312 A

73 1328 438 1378 cognomentum
483 1314 726 1362 Gordiano
767 1313 942 1361 idcirco
991 1313 1185 1361 inditum
1209 1349 1223 1371 ‚
1271 1329 1371 1359 non

75 1388 207 1450 quod
228 1387 275 1434 in
293 1387 442 1435 Africa
465 1387 684 1450 imperare
711 1387 942 1449 coepisset,
962 1387 1035 1434 sed
1053 1388 1178 1450 quod
1198 1388 1251 1434 de
1275 1386 1371 1434 Sci-

72 1458 266 1522 pionum
299 1459 465 1508 familia
487 1460 711 1524 originem
739 1461 941 1507 traheret.
974 1464 1023 1506 In
1051 1460 1251 1522 plurimis
1288 1476 1370 1506 au-

74 1543 168 1579 tem
195 1532 321 1580 tibris
350 1533 571 1591 invenio,
593 1535 642 1581 &
665 1532 785 1580 hunc
820 1533 1133 1588 Gordianum,
1156 1535 1203 1579 &
1226 1530 1370 1578 filium

74 1602 203 1665 ejus,
234 1605 399 1668 pariter
423 1608 720 1669 Imperatores
745 1605 1018 1667 appellatos,
1042 1606 1092 1652 ὅ(
1118 1607 1369 1651 Antoninos

75 1677 463 1740 cognominatos:
493 1679 568 1724 alii
599 1693 714 1724 vero
744 1681 975 1725 Antonios.
1000 1678 1102 1724 Post
1132 1679 1222 1724 hoc
1257 1679 1368 1726 Car-

76 1749 306 1813 thaginem
350 1752 538 1799 ventum
572 1768 674 1799 cum
713 1746 882 1814 pompa
920 1750 1058 1815 regali
1091 1753 1140 1799 &
1177 1750 1368 1798 fascibus

75 1822 284 1870 laureatis
304 1842 315 1871 :
335 1822 535 1888 filiusque
554 1827 741 1889 Legatus
758 1825 894 1888 patris
912 1860 926 1883 ,
952 1825 1163 1889 exemplo
1184 1826 1365 1889 Scipio-

76 1913 214 1955 num,
243 1895 329 1961 (ιιι
358 1897 601 1961 Dexippus
639 1900 812 1947 Graecae
848 1897 1044 1945 historiae
1075 1900 1231 1946 au&or
1267 1899 1366 1967 est)

74 1968 208 2033 gladii
235 1970 454 2032 potestate
482 1970 731 2019 succinctus
754 1971 830 2018 est.
858 1970 986 2018 Miffa
1012 1971 1221 2035 deinceps
1241 1971 1365 2035 lega-

73 2043 143 2090 tio
168 2044 362 2091 Romam
383 2045 444 2092 est
457 2061 558 2092 cum
580 2045 720 2092 literis
740 2045 1107 2104 Gordianorum,
1126 2046 1243 2102 haec‚
1263 2062 1367 2108 quae

72 2117 191 2182 gesta
216 2117 393 2179 fuerant
412 2118 458 2166 in
477 2118 657 2176 Africa,
680 2119 908 2167 indicans:
927 2136 1027 2182 quae
1055 2135 1134 2181 per
1156 2119 1364 2167 Valeria-

73 2205 211 2246 num,
239 2188 486 2252 principem
514 2191 702 2238 Senatus
722 2225 737 2247 ,
769 2189 851 2254 qui
894 2189 1048 2253 postea
1083 2188 1366 2251 imperavit,

73 2274 298 2325 gratanter
322 2276 504 2326 accepta
531 2263 606 2312 est.
636 2264 778 2311 Miffae
808 2263 908 2310 sunt
936 2264 986 2311 &
1002 2262 1057 2309 ad
1077 2261 1251 2310 amicos
1274 2277 1364 2308 no,-

73 2335 186 2383 biles
214 2336 352 2383 literae
371 2372 385 2392 ,
415 2350 465 2385 ut
492 2338 703 2387 homines
734 2350 944 2401 potentes
977 2340 1028 2387 &
1062 2353 1157 2385 rem
1190 2337 1361 2402 proba-¹:

26 2423 30 2427 ·
72 2420 204 2472 rent,
221 2411 273 2461 δι
299 2410 538 2463 amiciores
561 2410 722 2462 fierent
743 2429 801 2462 ex
820 2411 988 2462 amicis.
