1637 2785
181 161 516 210 *CARUS
562 162 1061 212 IMPERATOR.
1226 182 1314 230 243

39 267 147 335 psit,
168 286 269 317 cum
289 286 388 315 eum
410 269 463 315 ad
484 270 604 315 bona
623 271 875 318 hortaretur
893 272 1039 320 officia
1057 310 1068 330 ‚
1088 273 1323 320 Romanus

41 342 145 390 vult
181 341 340 387 videri.
372 339 568 402 Epistola
589 340 719 388 Cari:
755 346 882 389 Carus
906 346 1098 390 Manlius
1126 350 1323 391 Aurelia-

40 434 120 462 nus
140 415 373 474 Proconsul
395 415 576 468 Ciliciae,
593 416 723 461 Junio
750 417 902 476 Legato
920 417 1012 474 suo.
1036 418 1220 473 Majores
1243 436 1322 464 no-

27 489 109 553 Jlri
121 520 136 544 ‚
150 489 336 532 Romani
354 488 419 531 illi
442 487 655 546 Principes
668 520 681 541 ,
699 487 743 530 ia
771 489 933 547 Legatis
956 491 1142 534 creandis
1162 492 1238 536 lzac
1263 486 1326 555 ufi

30 563 139 623 sunt
162 561 475 620 consuetudine,
495 576 540 606 ut
566 577 724 605 morum
739 560 915 619 ficorum
926 562 1134 620 specimen
1159 583 1233 623 per
1258 579 1326 610 eos

43 634 310 700 ostenderent,
339 635 484 694 quibus
520 633 815 691 rempublicam
840 635 1094 694 delegabant.
1126 638 1222 696 Ego
1257 656 1327 683 νε-

44 724 110 763 ro,
122 704 173 767 si
204 707 266 751 ita
298 723 382 751 non
417 702 531 767 effa,
565 706 683 749 aliter
716 723 800 750 non
822 703 1033 768 feciffim:
1054 705 1144 763 feci
1181 708 1326 765 aliter,

61 799 76 824 ι
93 813 106 834 ,
123 795 158 824 te
175 778 353 834 juvante
371 813 384 834 ,
399 796 482 824 non
493 777 647 836 fallar.
665 779 751 824 Fac
773 780 921 839 igitur,
941 795 986 824 ut
1002 778 1234 833 majoribus
1251 789 1328 826 ἡο-

28 852 161 916 stris,
192 852 240 896 id
266 850 342 917 est,
375 853 583 895 Romanis
609 868 694 896 non
719 851 986 911 discrepemus
1011 853 1125 899 viris.
1157 851 1327 909 Vides,

45 925 171 986 quod
195 935 291 970 tota
310 924 500 986 epistola
525 921 716 984 majores
746 923 848 971 suos
876 924 1111 971 Romanos
1140 925 1239 973 vult
1259 926 1329 972 in-

46 997 202 1059 telligi.

130 1071 189 1116 V.
210 1067 380 1116 Indicat
400 1070 448 1116 δι
471 1067 619 1114 oratio
640 1067 734 1129 ejus
766 1068 818 1114 ad
841 1069 1051 1115 Senatum
1080 1069 1176 1127 data
1203 1071 1329 1120 istam

46 1142 221 1207 generis
251 1142 609 1205 praerogativam.
641 1158 741 1188 nam
769 1158 873 1189 cum
911 1143 1103 1205 primum
1131 1146 1330 1206 Impera-

47 1228 124 1263 tor
149 1214 253 1262 effet
284 1228 480 1272 creatus,
507 1215 565 1261 fic
595 1215 649 1260 ad
678 1214 958 1261 Senatorium
989 1216 1195 1264 ordinem
1221 1218 1332 1266 scri-

48 1291 134 1353 pfit
162 1290 279 1336 inter
306 1300 477 1336 cetera:
504 1290 778 1336 Gaudendum
803 1291 855 1355 est
879 1291 1043 1351 itaque,
1063 1291 1209 1337 Patres
1232 1311 1331 1339 corz-

37 1365 214 1428 scripti,
241 1365 350 1424 quod
372 1380 483 1409 unus
506 1382 559 1408 ex
583 1363 708 1428 vestro
731 1367 874 1408 ordine
891 1397 906 1420 ‚
928 1365 1039 1429 vestri
1063 1367 1186 1409 etiam
1211 1384 1331 1428 gene·

49 1439 131 1492 ris,
155 1440 382 1497 Imperator
406 1437 457 1502 est
469 1435 627 1494 fizc‘lus.
658 1437 800 1496 Quare
825 1439 1087 1494 amicerum,
1117 1456 1167 1483 ne
1192 1441 1335 1485 melio-

51 1527 111 1556 res
130 1509 360 1571 peregrini‚
382 1526 503 1569 quam
531 1510 644 1575 vestri
673 1506 741 1572 effi
767 1509 997 1554 videantur.
1024 1510 1127 1556 Hoc
1148 1525 1333 1572 quoque

51 1581 162 1628 loco
182 1581 280 1627 satis
299 1580 467 1628 clarum
493 1579 552 1626 est
571 1614 584 1636 ‚
604 1579 730 1626 illum
756 1580 946 1627 voluiss'e
970 1581 1158 1644 intelligi
1184 1582 1226 1629 se
1248 1583 1331 1632 effe
1386 1620 1388 1624 ,

52 1656 337 1710 Romanum,
359 1653 404 1700 id
422 1653 668 1711 est,Roma
697 1654 956 1700 oriundum.
984 1654 1069 1702 Hic
1097 1654 1233 1718 igitur
1256 1673 1334 1718 pet

54 1726 213 1774 civiles
239 1727 286 1773 &
315 1724 524 1771 militares
546 1724 731 1788 gradus,
757 1738 805 1771 ut
829 1725 945 1771 tituli
975 1725 1210 1774 statuarum
1241 1727 1336 1787 ejus

54 1800 283 1857 indicant,
313 1799 548 1846 Praefeffl1s
580 1800 781 1862 praetorii
807 1817 829 1847 a
858 1800 1010 1847 Probo
1044 1800 1208 1859 faetus,
1236 1814 1336 1849 ran-

55 1884 150 1919 tum
178 1870 257 1917 fibi
286 1871 404 1934 apud
435 1871 599 1917 milites
619 1871 784 1918 amoris
820 1871 1014 1929 locavit,
1035 1883 1113 1931 ut,
1150 1873 1336 1921 interfe-

56 1945 130 1992 ἂο
160 1945 312 1991 Probo
342 1958 471 1992 tanto
495 1943 727 2008 Principe,
753 1944 874 1992 solus
901 1945 1176 2009 digniffimus
1211 1946 1336 1995 vide·

56 2030 179 2065 retur
203 2017 410 2078 1mperio.

123 2091 199 2136 VI.
221 2090 329 2137 Non
357 2106 427 2136 me
451 2089 676 2152 praeterit,
696 2088 937 2150 suspicatos
963 2089 1048 2135 effe
1074 2089 1339 2153 plerosque,

58 2162 111 2208 δι
139 2177 219 2208 eos
240 2161 285 2207 in
307 2161 439 2209 fastos
464 2161 681 2220 retulisse,
700 2162 802 2208 Cari
830 2160 1025 2207 faitione
1051 2161 1337 2210 interemtum

59 2235 282 2282 Probum:
316 2233 388 2281 sed
415 2251 560 2298 neque
593 2234 802 2281 meritum
839 2234 975 2280 Probi
1008 2249 1109 2295 erga
1141 2235 1338 2294 Carum,

61 2325 210 2370 neque
240 2308 345 2356 Cari
377 2325 525 2356 mores
557 2308 602 2355 id
634 2308 755 2356 credi
788 2307 1039 2369 patiuntur:
1076 2305 1199 2352 {imul
1235 2308 1342 2371 quia

61 2383 199 2430 Probi
218 2396 409 2429 mortem
436 2384 486 2431 &
512 2382 722 2430 acerrime
749 2383 796 2429 &
819 2379 1165 2428 constantiffime
1192 2379 1341 2428 vindi·

62 2456 199 2508 cavit.
230 2455 357 2520 Quid
384 2468 531 2504 autem
561 2456 614 2504 de
635 2471 692 2504 eo
714 2455 887 2503 Probus
918 2453 1123 2513 senserit,
1142 2452 1342 2502 indicant

976 2530 1085 2590 (22
