1637 2785
252 154 746 205 ALEXANDER
792 152 1172 200 SEVERUS.
1275 166 1371 214 299

94 261 476 327 psolicilceretur‚
514 261 620 307 loco
646 258 725 306 suo
755 257 971 316 restituit,
1000 273 1139 327 eaque
1169 269 1375 320 pugnam-5

96 350 139 383 te
164 336 354 383 maxime
388 335 520 380 vic-t:
549 349 649 379 cum
681 344 826 377 tamen
854 329 1061 376 tribunos
1089 329 1181 388 ejus
1208 330 1374 390 capita·

95 409 126 455 li
157 407 351 454 affecerit
381 405 632 468 supplic-20,
663 403 786 464 quod
819 418 898 464 per
926 401 1237 465 negligentiam
1267 402 1377 452 illo-³,

96 495 193 525 rum
217 478 378 524 milites
396 477 513 539 apud
536 475 762 537 Daphnen
787 472 998 519 luxuriati
1018 473 1181 529 essent,
1203 474 1275 520 vel
1296 489 1378 536 pet,

96 549 438 599 conniventiam
457 549 715 594 seditionem
736 547 936 594 fecissent
952 546 1189 595 exercituS.

159 625 252 669 LV.
280 624 446 684 Magno
475 623 610 684 igitur
637 632 851 682 apparatu
882 618 986 666 inde
1021 619 1067 666 in
1095 618 1241 665 Persas
1269 631 1377 680 prod

98 696 260 754 feetus,
277 700 553 742 Artaxerxen
574 712 718 759 regem
740 694 1087 756 potentissimum
1108 693 1250 748 vicit;
1269 709 1375 739 cum

99 769 191 831 ipse
217 769 468 815 Alexander
498 784 668 814 cornua
697 766 863 823 adiret,
889 765 1052 813 milites
1083 765 1379 820 admoneret,

100 841 178 889 sub
211 842 297 889 ὶὲὶυ
333 841 718 896 teli‘vetsaretur,
748 857 882 885 manu
916 838 1154 901 plurimum
1183 837 1381 894 faceret,

99 914 293 978 singulos
321 931 503 978 quoque
531 913 693 960 milites
717 915 770 959 ad
800 912 976 959 laudem
1005 913 1155 959 verbis
1182 912 1381 958 adduce-

99 1002 178 1035 ret.
207 987 321 1034 Fuso
349 987 540 1049 denique
578 986 820 1050 fugatoque
853 997 980 1032 tanto
1009 1001 1138 1048 rege,
1166 984 1243 1047 qui
1273 1000 1380 1030 cum

101 1059 387 1124 septingentis
417 1061 693 1121 elephantis,
721 1058 977 1121 falcatisque
1005 1058 1126 1104 mille
1159 1058 1208 1104 &
1235 1057 1385 1103 offin-

101 1132 244 1196 gentis
272 1133 472 1179 curribus
497 1133 550 1178 ad
585 1131 749 1178 bellum
786 1144 996 1187 venerat,
1027 1130 1230 1193 equitum
1264 1128 1383 1175 mul-

103 1205 158 1250 tis
181 1204 400 1257 millibus,
428 1204 564 1250 {latim
597 1203 886 1250 Antiochiam
915 1203 1073 1260 rediit,
1106 1203 1156 1250 &
1182 1203 1236 1248 de
1267 1218 1385 1264 prae-

103 1276 181 1335 da,
210 1292 342 1338 quam
368 1275 503 1321 Perlis
530 1275 735 1338 diripuit,
769 1276 891 1322 suum
921 1274 1084 1321 ditavit
1109 1272 1384 1320 exercitum:

103 1364 203 1396 cum
233 1351 282 1396 &
316 1349 521 1395 tribunos
551 1365 625 1406 ea,
658 1365 757 1411 quae
794 1365 872 1410 per
912 1347 1041 1394 vicos
1076 1346 1385 1408 diripuerant,

104 1422 154 1470 &
183 1422 340 1477 duces,
367 1424 416 1470 &
442 1421 560 1485 ipsos
586 1422 749 1468 milites
773 1422 935 1469 habere
957 1420 1150 1481 juffiffet.
1171 1420 1384 1480 Tumque

104 1494 297 1558 primum
320 1496 458 1542 Persae
480 1494 594 1541 servi
626 1495 742 1557 apud
769 1495 1002 1540 Romanos
1030 1492 1236 1540 fuerunt:
1268 1506 1386 1553 quos

103 1566 282 1630 quidem
296 1602 309 1624 ,
326 1568 429 1630 quia
452 1565 632 1628 indigne
657 1565 802 1611 ferunt
821 1564 1045 1611 Persarum
1064 1579 1206 1627 reges,
1225 1578 1387 1625 quem-

105 1639 224 1702 piam
258 1639 437 1686 suorum
468 1639 599 1686 alicui
634 1638 821 1696 servire,
859 1637 1055 1699 acceptis
1094 1635 1246 1698 pretiis
1279 1635 1385 1680 red-

106 1712 243 1769 didit;
267 1713 550 1776 pretiumque
579 1711 651 1758 vel
678 1711 730 1759 iis
748 1747 761 1769 ,
785 1712 863 1775 qui
890 1728 1023 1758 manu
1055 1721 1268 1774 ceperant
1297 1707 1387 1755 ser-

107 1802 224 1844 vos,
254 1785 400 1843 dedit,
422 1785 497 1832 vel
524 1785 569 1830 in
599 1785 804 1832 aerarium
832 1784 1041 1832 contulit.

173 1863 286 1907 LVI.
314 1860 415 1906 Post
437 1861 526 1906 hoc
549 1861 739 1906 Romam
766 1858 919 1916 venit,
940 1856 1263 1919 triumphoque
1287 1853 1388 1916 pul-

109 1933 336 1982 cherrimo
363 1933 486 1990 aeto,
517 1932 635 1994 apud
662 1933 869 1979 Senatum
898 1930 1092 1993 primum
1125 1929 1223 1975 haec
1250 1927 1388 1974 verba

109 2005 280 2053 habuit.
298 2006 365 2052 Ex
383 2006 487 2052 actis
504 2006 686 2052 Senatus
709 2004 778 2050 die
798 2004 984 2066 septimo
1003 2001 1229 2049 Kalendas
1246 2001 1389 2048 Osto-

110 2080 227 2128 breS.
255 2081 431 2141 Persas,
462 2081 608 2125 Patres
647 2079 891 2141 conseripti,
923 2079 1114 2124 vicimus.
1144 2079 1269 2137 longa
1303 2079 1389 2120 elo-

109 2154 279 2216 quentia
309 2170 412 2214 opus
432 2170 518 2198 non
547 2153 625 2217 est:
654 2168 815 2198 tantum
833 2151 942 2210 scire
973 2152 1149 2204 debetis,
1181 2166 1266 2210 quae
1289 2150 1389 2194 illo-

111 2244 201 2272 rum
231 2242 350 2270 arma
374 2223 568 2282 fuerint,
599 2226 670 2285 qui
699 2238 938 2284 apparatus.
966 2221 1065 2268 Jam
1095 2224 1273 2283 primum
1309 2224 1389 2266 ele·

108 2300 260 2360 plzanti
278 2288 558 2359 septingenti,
580 2298 779 2356 iidemque
806 2298 942 2342 turriti
970 2313 1059 2341 cum
1079 2295 1319 2357 sagittariis
1346 2290 1392 2339 6·

79 2367 89 2371 ”
115 2391 230 2419 onere
241 2375 509 2435 sagittarum.
540 2393 593 2419 ex
617 2375 682 2419 his
703 2389 896 2418 trecentos
919 2373 1115 2432 cepimus,
1141 2371 1303 2415 ducenti
1323 2370 1393 2414 irt-

115 2446 263 2506 terfeft'i
277 2446 606 2507 jacent,'decem
632 2444 676 2495 ὃ*
695 2447 781 2494 οἱῖο
797 2445 1081 2509 perduximus.
1108 2444 1275 2492 Falcati
1300 2459 1392 2489 cur-

181 2600 200 2613 S
