1714 2807
309 182 363 214 12
561 165 763 211 JULII
816 163 1320 212 CAPITOLINI

305 272 435 317 rebus
459 269 504 316 in
527 270 620 318 dies
639 271 877 318 immanior
905 270 1062 330 fiebat,
1083 272 1272 319 ferarum
1303 288 1428 322 more
1444 310 1458 331 ,
1481 289 1585 339 quae

305 343 553 390 vulneratae
580 345 716 408 magis
750 345 1073 394 exulcerantur.
1094 345 1195 392 Post
1221 346 1314 393 haec
1346 348 1514 394 transiit
1538 349 1587 394 in*

303 417 590 464 Germaniam
612 434 711 464 cum
736 419 861 463 omni
886 418 1083 466 exercitu
1100 454 1113 476 ,
1137 421 1185 466 &
1213 419 1379 465 Mauris
1396 455 1408 476 ,
1429 421 1476 466 ὅ(
1500 420 1586 467 Os-

300 490 484 537 droenis
499 526 512 548 ,
533 491 582 538 &
601 490 800 548 Parthis,
820 493 867 538 &
886 491 1094 537 omnibus
1111 526 1124 548 ,
1145 507 1262 554 quos
1286 491 1431 539 secum
1452 493 1584 540 Alex-

301 563 440 610 ander
455 563 642 610 ducebat
659 563 713 610 ad
731 563 912 609 bellum.
933 565 986 608 Et
1004 564 1065 609 ob
1091 563 1181 610 hoc
1208 564 1399 610 maxime
1418 566 1582 611 Orien-

300 634 404 682 talia
423 635 570 683 secum
589 635 791 682 trahebat
808 635 974 681 auxilia
990 671 1002 689 ‚
1030 636 1156 697 quod
1181 636 1292 682 nulli
1314 636 1450 699 magis
1473 654 1583 683 con·

300 718 368 754 tra
386 709 663 763 Germanos,
679 725 809 770 quam
835 708 1030 770 expediti
1045 708 1250 771 sagittarii
1267 743 1278 764 ‚
1308 709 1472 755 valent.
1496 710 1585 757 Mi-

299 781 490 826 randum
516 794 658 827 autem
685 792 941 843 apparatum
978 780 1081 827 belli
1120 780 1372 827 Alexander
1400 781 1584 843 habuit,

298 853 372 901 cui
390 853 661 900 Maximinus
683 853 817 899 multa
836 853 1001 900 dicitur
1025 853 1244 901 addidiffe.
1368 842 1383 850 l

363 928 462 973 XII.
482 926 693 989 Ingressus
713 925 850 988 igitur
871 926 1158 974 Germaniam
1180 926 1583 987 Transrhenanam,

299 1014 379 1060 per
407 1010 603 1046 trecenta
630 998 703 1045 vel
733 999 1055 1062 quadringenta
1085 999 1223 1046 millia
1254 1000 1468 1048 barbarici
1498 1001 1582 1048 soli

298 1071 426 1118 vicos
445 1070 670 1130 incendit,
697 1088 848 1135 greges
871 1072 1041 1135 abegit,
1066 1073 1233 1135 praedas
1261 1073 1454 1132 sustulit,
1478 1074 1582 1121 bar-

298 1143 510 1190 barorum
545 1144 765 1206 plurimos
791 1144 1044 1201 interemit,
1078 1145 1264 1191 militem
1297 1146 1483 1193 divitem
1510 1162 1582 1192 re-

297 1216 425 1263 duxit
439 1216 583 1280 ‚cepit
598 1217 884 1264 innumeros:
905 1219 952 1265 &
972 1217 1050 1263 nist
1072 1218 1286 1265 Germani
1307 1236 1384 1281 per
1403 1235 1583 1277 amnes,

295 1289 346 1336 &
371 1288 579 1350 paludes,
602 1291 652 1336 &
675 1289 805 1336 silvas
830 1288 1158 1352 confugissent,
1182 1307 1364 1337 omnem
1393 1293 1579 1339 Germa·

294 1360 414 1407 niam
443 1361 490 1407 in
521 1362 774 1408 Romanam
808 1362 1025 1408 ditionem
1063 1362 1304 1426 redegiffet.
1335 1363 1428 1425 lpse
1462 1381 1578 1426 prae-

294 1447 413 1482 terea
433 1454 567 1484 manu
594 1437 667 1483 sua
692 1437 828 1483 muita
851 1437 1038 1485 faciebat
1053 1473 1067 1496 ‚
1084 1454 1185 1484 cum
1214 1438 1344 1484 etiam
1375 1438 1579 1500 paludem

293 1505 507 1570 ingress‘us
539 1509 873 1557 circumventus
895 1511 999 1556 effer
1029 1529 1050 1557 a
1080 1513 1339 1570 Germanis,
1367 1512 1448 1558 nifi
1478 1529 1578 1560 eum

293 1595 415 1643 equo
439 1581 728 1630 inhaerentem
762 1583 822 1629 sui
856 1583 1121 1633 liberassent.
1151 1585 1306 1632 habuit
1337 1585 1453 1631 enim
1487 1585 1578 1633 hoc

294 1652 534 1702 barbarica:
559 1656 818 1703 temeritatis
833 1693 845 1715 ,
861 1670 909 1704 ut
930 1670 1103 1719 putaret
1119 1695 1132 1716 ,
1146 1661 1463 1721 Imperatorem
1487 1675 1579 1705 ma-

294 1742 355 1771 nu
379 1727 511 1774 etiam
541 1728 612 1776 sua
640 1727 809 1792 semper
838 1730 902 1777 uti
933 1731 1107 1778 debere.
1135 1731 1328 1793 denique
1348 1729 1466 1794 quast
1500 1747 1577 1776 na-

293 1799 397 1846 vale
424 1802 650 1862 quoddam
683 1803 896 1865 proelium
926 1803 971 1850 in
999 1805 1158 1866 palude
1186 1803 1319 1861 fecit,
1345 1802 1579 1866 plurimos·

293 1886 381 1931 que
415 1871 508 1919 illic
542 1873 780 1922 interemit.
805 1876 931 1922 Victa
965 1875 1098 1939 igitur
1132 1874 1399 1931 Germania,
1428 1874 1579 1933 literas

292 1943 486 1991 Romam
505 1947 560 1992 ad
578 1948 785 1996 Senatum
803 1949 852 1996 ὃ(
870 1949 922 1995 ad
942 1950 1158 2011 populum
1178 1947 1320 2005 misit,
1343 1948 1384 1993 se
1408 1948 1576 1993 dician-

292 2029 337 2063 te
357 2017 657 2081 conscriptas,
677 2037 860 2079 quarum
881 2021 1095 2067 sententia
1116 2021 1209 2066 haec
1231 2018 1334 2065 fuit:
1356 2021 1454 2063 Non
1467 2019 1575 2078 pos-

280 2091 434 2151 sumus
466 2107 651 2149 tantum,
674 2094 1089 2155 Patres'conscripti,
1113 2093 1257 2153 loqui,
1278 2106 1477 2153 quantum
1498 2091 1573 2150 fi-

291 2165 439 2209 cimus.
464 2165 547 2210 Per
569 2167 843 2227 quadraginta
868 2168 1003 2212 millia
1033 2166 1333 2212 Germanorum
1361 2165 1475 2210 vicos
1504 2166 1573 2208 in·

292 2239 522 2293 andimus,
554 2255 688 2299 greges
722 2241 1010 2295 abduximus,
1043 2239 1231 2298 captivos
1267 2238 1574 2305 abstraximus,

291 2326 477 2355 armatos
499 2312 751 2366 occidimus,
781 2313 826 2356 in
846 2315 1003 2372 palude
1024 2313 1322 2372 pugnavimus.
1347 2309 1569 2368 Pervenis-

283 2384 423 2443 fimus
441 2387 500 2428 ad
503 2383 665 2445 filvas,
683 2383 764 2449 nisi
786 2387 965 2430 altitudo
977 2386 1182 2445 paludum
1202 2402 1280 2430 nos
1298 2382 1460 2446 transtre
1478 2400 1569 2427 notz

287 2453 536 2519 permzfiffet.
565 2455 704 2504 AElius
725 2456 901 2504 Cordus
923 2456 1053 2515 dicit,
1078 2457 1192 2505 hanc
1216 2455 1407 2505 omnino
1431 2453 1568 2518 ipfius
