1714 2807
291 183 375 240 198
499 179 724 225 AEL11
790 177 1363 225 SPARTIANI

285 285 385 331 dem
412 301 508 332 eam
535 285 828 334 matrimonio
847 286 1069 345 sociavit,
1088 286 1212 347 cujus
1241 287 1382 336 filium
1417 306 1557 352 nuper

285 358 530 406 occiderat.
564 360 673 407 Non
701 361 757 407 ab
775 377 823 408 re
852 359 937 420 est,
963 360 1255 426 diasyrticum
1275 362 1483 425 quiddam
1513 364 1559 410 in

284 447 387 477 eum
418 431 582 478 distum
609 433 784 481 addere.
811 451 913 480 nam
942 450 1044 482 cum
1075 436 1341 493 Germanici,
1371 437 1421 483 &
1448 439 1561 483 Par-

283 506 413 561 thici,
436 505 483 551 &
503 507 697 563 Arabici,
719 508 768 555 &
787 509 1056 554 Alemannici
1077 523 1242 555 nomen
1272 508 1566 565 adscriberet,

285 575 427 640 (nam
468 578 815 626 Alemannorum
851 593 1027 643 gentem
1069 580 1336 644 devicerat)
1375 582 1563 629 Helvius

283 649 633 709 Pertinax‚filius
652 653 910 710 Pertinacis,
927 653 1088 700 dicitur
1106 651 1216 713 joco
1237 654 1411 712 dixiffe,
1425 657 1565 712 Adde,

271 725 322 792 fi
344 728 507 785 placet,
529 729 654 772 etiam
676 729 842 774 Geticus
875 729 1128 784 Maximus,
1154 726 1278 788 quod
1299 728 1461 774 Getam
1487 744 1564 774 oc·

286 799 457 845 ciderat
498 799 705 855 fratrem,
735 803 784 848 δι
811 801 958 847 Gothi
989 803 1102 847 Gecae
1127 802 1416 857 dicerentur3
1450 817 1567 863 quos

288 869 513 927 ille,·dum
539 873 592 918 ad
612 872 846 919 Orientem
865 872 1060 932 transiit,
1075 872 1374 920 tumultuariis
1393 874 1567 937 proeliis

288 944 531 991 devicerat.

357 1018 437 1064 Xl.
457 1018 710 1064 Occidendi
736 1022 865 1065 Getae
893 1019 1030 1066 multa
1055 1019 1259 1084 prodigia
1281 1019 1574 1078 exstiterunt,

291 1104 340 1138 ut
369 1092 414 1138 in
440 1095 530 1140 vita
551 1093 646 1154 ejus
667 1111 961 1157 exponemus.
981 1096 1097 1141 Nam
1123 1095 1328 1158 quamvis
1351 1095 1477 1158 prior
1497 1095 1572 1143 ille

290 1183 316 1212 e
338 1167 429 1214 vita
458 1168 712 1227 excesserit,
732 1185 817 1215 nos
835 1180 982 1215 tamen
1009 1168 1214 1215 ordinem
1245 1168 1379 1216 secuti
1399 1169 1572 1227 sumus,

291 1249 343 1283 ut
363 1274 376 1295 ‚
394 1239 468 1301 qui
488 1242 534 1287 &
552 1241 678 1303 prior
701 1253 829 1287 natus
852 1241 938 1296 est,
963 1243 1012 1288 &
1029 1241 1153 1302 prior
1173 1242 1392 1304 imperare
1419 1258 1573 1305 coepe·

292 1323 359 1356 rat
379 1346 391 1367 ,
423 1312 547 1373 prior
587 1312 862 1361 scriberetur.
891 1317 959 1360 Eo
989 1315 1090 1361 sitne
1127 1328 1331 1378 tempore
1350 1351 1363 1373 ‚
1390 1331 1484 1378 quo
1517 1316 1573 1362 ab

293 1386 495 1431 exercitu
523 1387 769 1448 appellatus
799 1387 860 1434 cst
889 1386 1106 1451 Augustus
1130 1386 1246 1434 vivo
1277 1400 1425 1447 patre,
1445 1387 1574 1450 quod

295 1455 371 1502 ille
403 1459 589 1519 pedibus
623 1476 738 1522 aeger
777 1461 1023 1524 gubernare
1059 1478 1153 1506 non
1188 1461 1311 1521 posse
1345 1460 1575 1507 videretur

295 1530 550 1590 hunerium,
569 1532 766 1579 contusis
785 1533 945 1580 animis
964 1533 1155 1582 militum
1178 1537 1224 1582 ὅ(
1243 1533 1575 1591 Tribunorum,

294 1602 482 1649 Severus
510 1602 672 1651 dicitur
698 1605 856 1657 animo
876 1606 1118 1664 volutasse,
1143 1619 1192 1652 ut
1219 1607 1269 1653 &
1299 1606 1422 1653 hunc
1447 1607 1576 1654 occi·

295 1673 447 1731 (leret,
469 1675 549 1721 nisi
585 1679 893 1740 repugnassent
922 1679 1120 1726 Praefeffi
1148 1678 1270 1739 ejus,
1288 1696 1445 1743 graves
1474 1679 1576 1728 viri.

296 1747 449 1808 Aliqui
479 1761 638 1796 contra
666 1751 820 1798 dicunt
838 1788 853 1808 ,
882 1752 1120 1799 Praefectos
1146 1751 1338 1798 voluisse
1363 1750 1409 1798 id
1443 1750 1537 1798 fieri
1561 1788 1576 1810 ,

296 1819 368 1865 sed
390 1821 653 1882 Septimium
679 1825 891 1885 noluisse,
924 1842 979 1872 ne
1007 1827 1056 1874 δι
1081 1825 1292 1872 severitas
1319 1825 1439 1872 illius
1472 1842 1576 1874 cru—

299 1892 488 1939 delitatis
514 1894 698 1941 nomine
726 1897 1059 1960 inquinaretur:
1087 1897 1136 1945 &
1155 1913 1253 1942 cum
1271 1897 1470 1944 auctores
1492 1896 1578 1945 cri-

300 1966 434 2012 minis
463 1966 624 2015 milites
651 1969 843 2028 fuerint,
874 1970 1128 2018 adolescens
1156 1969 1296 2015 stultae
1318 1969 1578 2017 temeritatis

300 2056 457 2103 poenas
475 2041 613 2088 lueret
632 2055 719 2089 tam
750 2043 899 2106 gravis
921 2043 1124 2106 supplicii
1147 2043 1282 2088 titulo
1297 2078 1310 2100 ,
1331 2054 1378 2089 ut
1403 2059 1428 2089 a
1454 2054 1579 2104 patre

301 2111 534 2159 videretur
562 2114 750 2161 occisus.
782 2115 865 2163 Hic
888 2127 1035 2162 tamen
1060 2116 1261 2162 omnium
1290 2113 1543 2161 duriffimus
1565 2149 1580 2173 ,

302 2184 353 2228 &
371 2219 381 2238 ‚
400 2199 447 2232 ut
466 2199 561 2230 uno
589 2188 939 2249 compleclamur
966 2188 1112 2235 verbo
1131 2220 1146 2242 ‚
1165 2185 1412 2249 parricida,
1440 2187 1490 2233 ὅ(
1511 2185 1580 2231 ἰη-

304 2255 469 2316 cestus,
491 2259 626 2320 patris
653 2260 703 2306 &
733 2260 883 2306 matris
911 2261 960 2307 &
993 2259 1141 2307 fratris
1169 2260 1400 2318 inimicus,
1428 2275 1452 2305 a
1477 2260 1574 2305 Ma·

228 2367 234 2371 .
303 2329 459 2388 crino,
486 2330 564 2394 qui
590 2347 689 2377 eum
713 2331 967 2388 occiderat,
989 2332 1152 2380 timore
1172 2333 1389 2388 militum,
1411 2348 1463 2379 ac
1483 2347 1578 2376 ma·-

301 2403 422 2450 xime
454 2405 829 2467 praetorianorum
847 2407 992 2462 ,inter
1011 2407 1140 2455 Deos
1163 2406 1325 2453 relatus
1350 2403 1425 2451 est.
1445 2403 1579 2450 habet

303 2476 548 2539 templum,
575 2478 706 2525 habet
734 2479 901 2538 Salios,
930 2481 1063 2526 haber
1099 2480 1269 2527 sodales
1306 2475 1577 2525 Antoninia-
