1637 2785
264 178 763 236 ALEXANDER
805 179 1178 230 SEVERUS.
1283 195 1375 246 305

158 289 314 336 LXIII.
347 289 543 333 Mortem
580 283 674 345 ejus
704 284 890 341 milites,
919 288 968 334 &
1000 286 1077 349 qui
1103 287 1379 337 exaussorati

94 364 151 412 ab
176 379 232 410 eo
252 362 478 425 quondam
496 358 696 416 fuerant,
721 357 966 420 graviffime
994 360 1218 417 tulerunt,
1243 373 1378 425 atque

95 436 297 482 auctores
326 432 457 480 caedis
488 431 780 478 trucidarunt.
812 430 1009 493 Populus
1046 448 1160 478 vero
1203 435 1379 481 Roma·-

95 525 214 566 nus,
241 505 517 567 Senatusque
555 503 704 550 omnis
732 520 832 551 cum
868 503 1226 566 provincialibus
1263 524 1378 555 cun-

96 581 200 637 ctis,
229 595 375 642 neque
404 576 570 623 tristius
590 592 787 638 unquam
809 591 952 638 neque
976 575 1169 638 asperius
1193 592 1383 641 accepeq

95 665 224 710 runt;
246 652 369 699 simul
405 651 533 715 quod
569 649 825 697 succefl'oris
857 649 1060 711 asperitas
1088 666 1222 715 atque
1253 652 1383 701 rusti-¹⁴

97 728 205 775 citas
232 725 673 787 Maximini,utpote
693 724 890 770 hominis
918 722 1149 781 militariS,
1175 725 1249 772 cui
1276 744 1380 776 cum

97 797 197 845 filio
231 797 331 861 post
361 814 462 844 eum
499 797 733 859 imperium
773 796 966 846 delatum
1001 796 1089 855 est,
1124 798 1380 861 graviorem

98 872 178 919 fati
206 871 500 920 neceffitatem
533 871 766 917 videbatur
793 870 1037 917 ostendere.
1060 872 1244 918 Senatus
1275 889 1382 921 eum

99 947 147 994 in
174 949 304 995 Deos
332 946 493 992 retulit.
515 943 850 1007 Cenotaphium
878 944 924 990 in
945 942 1112 1002 Gallia,
1133 944 1294 990 Romae
1315 946 1382 993 se-

100 1020 307 1084 pulcrum
335 1017 648 1079 ampliffimum
669 1016 841 1062 meruit.
865 1016 974 1063 Dati
998 1016 1098 1063 sunt
1115 1017 1164 1063 δε
1184 1017 1384 1078 sodales,

98 1093 180 1155 qui
204 1094 496 1138 Alexandrini
523 1090 731 1152 appellati
761 1089 884 1135 sunt:
911 1088 1057 1136 addita
1084 1089 1135 1136 &
1162 1088 1380 1138 festivitas

101 1167 256 1216 matris
285 1166 495 1223 nomine,
519 1177 651 1228 atque
671 1164 823 1227 ipsius,
841 1181 941 1227 quae
967 1163 1194 1229 hodieque
1219 1166 1382 1215 Romae

101 1240 417 1304 religiofiffime
433 1239 682 1286 celebratur
696 1273 708 1295 ‚
729 1237 861 1284 natali
877 1237 969 1298 ejus
992 1237 1074 1284 die.
1094 1237 1235 1285 Causa
1254 1241 1383 1290 occi-5

101 1313 234 1360 dendi
247 1313 341 1374 ejus
359 1312 413 1358 ab
429 1311 525 1358 aliis
545 1310 640 1357 haec
663 1308 787 1356 fuiffe
811 1309 1082 1372 perhibetur,
1101 1311 1225 1374 quod
1241 1326 1381 1362 mater

100 1385 220 1447 ejus,
243 1385 399 1432 relicto
420 1384 541 1431 bello
561 1382 836 1430 Germanico
852 1419 865 1439 ‚
890 1383 1126 1429 Orientem
1147 1385 1200 1430 ad
1221 1383 1380 1443 jaRan-

102 1459 206 1506 tiam
220 1457 284 1504 sui
305 1457 440 1505 vellet
455 1456 616 1512 redire,
636 1467 768 1519 atque
788 1455 851 1501 ob
863 1456 955 1502 hoc
976 1455 1079 1502 esset
1097 1455 1232 1503 iratus
1253 1474 1382 1506 exer-

103 1531 234 1580 citus.
261 1531 345 1577 Sed
379 1531 477 1577 haec
496 1530 550 1576 ab
567 1528 840 1576 amatoribus
868 1528 1102 1574 Maximini
1135 1527 1231 1575 683
1254 1530 1382 1592 sunt,

103 1604 185 1668 qui
202 1604 343 1650 videri
359 1604 614 1659 noluerunt,
627 1605 946 1666 Imperatorem
966 1604 1185 1665 optimum
1199 1604 1253 1650 ab
1268 1606 1382 1653 ami·

105 1694 163 1727 co
177 1678 255 1724 suo
272 1676 567 1734 intersedium,
581 1690 739 1724 contra
755 1676 850 1737 jura
862 1677 1051 1741 humana
1066 1692 1196 1739 atque
1209 1677 1384 1728 divina.

169 1752 330 1797 LXIV.
353 1750 576 1796 Ηειξὶεηιις
603 1749 839 1811 imperium
872 1748 1032 1812 populi
1056 1750 1251 1796 Romani
1280 1766 1383 1800 eum

104 1824 357 1886 Principem
379 1822 531 1869 habuit
550 1859 564 1880 ,
584 1822 663 1886 qui
684 1822 849 1869 diutius
871 1823 1131 1885 imperaret;
1153 1823 1251 1885 post
1277 1841 1382 1874 eum

107 1899 308 1948 certatim
342 1896 637 1953 irruentibus,
663 1897 712 1944 &
738 1896 832 1943 aliis
862 1896 1160 1954 semestribus,
1187 1896 1283 1945 aliis
1303 1910 1385 1945 an·->

106 1970 237 2028 nuis,
262 1968 484 2031 plerisque
503 1984 580 2030 per
605 1967 834 2015 biennium
850 2003 864 2025 ,
885 1969 938 2015 ad
964 1968 1178 2015 summum
1206 1986 1284 2031 per
1301 1970 1385 2017 tri-

106 2043 289 2090 ennium
311 2041 657 2104 imperantibus,
683 2040 820 2105 usque
847 2041 900 2088 ad
928 2057 1006 2088 eos
1035 2041 1284 2102 Principes,
1304 2042 1387 2104 qui

107 2117 238 2163 latius
269 2114 501 2178 imperium
523 2114 831 2171 tetenderunt,
861 2114 1146 2161 Aurelianum
1177 2114 1308 2171 dic0‚
1337 2117 1387 2162 &

107 2189 332 2249 deinceps.
356 2188 409 2233 de
427 2186 609 2250 quibus,
628 2186 657 2232 si
681 2187 771 2234 vita
795 2186 1171 2249 suppeditaverit,
1190 2202 1238 2231 ea
1253 2222 1265 2241 ‚
1284 2202 1386 2248 quae

106 2273 338 2322 comperta
354 2259 540 2317 fuerint,
564 2259 899 2322 publicabimus.
920 2258 1199 2322 Reprehensa
1219 2256 1319 2304 sunt
1339 2258 1388 2305 ir!

111 2332 368 2380 Alexandro
407 2332 503 2379 haec
521 2367 535 2391 ,
564 2332 689 2394 quod
717 2335 857 2395 Syrus
887 2330 971 2377 effe
1010 2330 1191 2376 nolebat
1209 2364 1224 2387 ,
1261 2328 1387 2392 quod

109 2421 263 2450 aurum
299 2405 497 2460 amabat,
522 2404 648 2467 quod
690 2402 1063 2466 suspiciofiffimus
1100 2414 1229 2459 erat,
1264 2398 1389 2463 quod

112 2477 342 2540 vectigalia
357 2478 495 2524 multa
519 2477 804 2540 inveniebat,
820 2477 944 2542 quod
962 2474 1004 2523 se
1018 2476 1233 2539 Magnum
1253 2472 1389 2527 Alex-2

182 2553 350 2614 Scripct.
381 2552 447 2601 H.
477 2554 539 2600 A.
1060 2549 1106 2601 V.
