1637 2785
510 139 981 187 INDEX.

110 244 288 284 faciendo
310 258 356 291 2,
388 244 444 296 36.
475 244 514 283 in
545 245 684 285 Senatu
710 243 838 283 habita
870 243 917 283 de
942 243 1114 293 Principe
1141 252 1272 283 contra
1299 245 1384 284 Ma-

111 300 299 338 ximinum
323 298 501 348 eligendo
521 314 563 345 2,
589 299 651 337 61.
683 298 802 338 Vettii
827 298 958 338 Sabini
975 298 1022 336 de
1046 297 1222 337 Maximo
1242 301 1274 338 ἃ
1301 299 1384 338 Bal.

112 354 202 392 bino
230 351 464 402 Principibus
489 351 674 390 faciendis
703 367 722 390 2
741 383 750 400 ,
772 354 834 390 61.
856 351 971 391 Marii
998 352 1144 401 tyranni
1167 354 1214 391 ad
1244 352 1383 392 milites

111 423 158 454 2,
192 406 278 446 108.
310 404 452 445 Balistae
476 405 525 443 ad
551 405 822 450 Macrianum,
854 418 928 454 qua
962 406 1008 443 ad
1042 405 1244 455 imperium
1273 406 1384 445 susci·-

110 460 298 510 piendum
329 471 414 498 eum
445 458 618 497 hortatur
648 473 697 507 2,
729 472 811 505 114.
838 458 1051 505 Macriani,
1078 473 1148 508 qua
1181 461 1385 510 imperium

111 513 281 553 delatum
297 511 443 551 recusat
462 527 506 559 2,
528 527 614 560 114.
636 510 740 560 ,Junii
769 511 965 551 Tiberiani
995 513 1041 551 ad
1067 512 1236 553 Flavium
1267 515 1387 565 Vopi-

106 566 212 607 scum
227 598 238 614 ,
253 580 325 617 qua
341 568 388 605 ad
404 566 518 606 vitam
543 566 628 606 Divi
645 565 834 606 Aureliani
853 564 1088 605 scribendam
1104 580 1189 606 eum
1214 567 1388 608 hortatur

113 637 156 670 2,
177 635 262 674 153.
290 620 396 671 Ulpii
418 620 550 660 Criniti
584 632 712 658 coram
728 618 930 658 Valeriano
955 620 1079 658 habita
1095 653 1105 669 ,
1123 635 1196 671 qua
1212 622 1387 661 Aurelia-

113 689 203 714 num
241 684 393 725 arrogat
427 691 447 714 2
468 706 479 722 ‚
508 675 590 725 163.
626 673 729 722 Ulpii
767 673 909 725 Syllani
933 675 970 712 in
997 675 1135 714 Senatu
1165 675 1316 722 habita,
1339 677 1387 715 de

111 729 359 779 inspiciendis
393 727 591 779 Sibyllinis
625 728 732 766 libris
763 743 783 766 2
805 759 813 772 ,
850 727 935 778 167.
973 727 1162 767 Cornificii
1204 730 1386 769 Gordiani

113 784 153 822 in
181 784 324 824 Senatu
353 782 486 822 habita
521 782 569 820 de
593 781 769 832 eligendo
800 782 970 832 Principe
1008 796 1051 829 2,
1088 787 1171 836 1931
1208 784 1388 823 Nicoma·

110 836 173 876 chi
203 838 241 876 in
270 838 409 877 Senatu
443 836 576 875 habita
607 837 655 876 de
682 835 898 885 Principum
938 835 1069 875 senum
1099 836 1309 887 praestantia
1335 853 1355 877 2
1375 869 1385 887 ,

115 905 199 944 195.
237 890 369 931 Manlii
399 891 558 931 Statiani
584 890 622 929 in
654 891 792 930 Senatu
819 889 949 929 habita
976 890 1015 928 in
1040 890 1171 930 laudes
1198 891 1308 931 Probi
1339 907 1386 938 2,

113 960 200 994 217.
225 945 418 986 Saturnini
442 946 490 985 ad
523 944 666 984 milites
694 944 742 983 de
774 945 977 994 periculis,
1006 946 1142 995 quibus
1177 945 1388 995 Imperator

110 1000 301 1048 subjectus
327 1000 378 1038 est
404 1013 448 1046 ε,
479 1012 566 1053 235.
605 998 797 1037 orationes
822 1000 1009 1038 Antonini
1037 999 1112 1046 Pii,
1145 1013 1160 1037 1
1179 1031 1193 1047 ‚
1216 1001 1278 1048 46.
1304 1013 1388 1040 ora-

109 1056 256 1094 tionem
277 1066 314 1092 re
343 1053 468 1104 aliqua
484 1053 572 1092 tristi
598 1053 738 1101 ordiri,
766 1065 836 1103 pro
862 1053 991 1092 omine
1018 1051 1195 1094 habitum
1225 1068 1238 1092 1
1257 1084 1268 1103 ‚
1299 1067 1387 1109 303.

163 1107 252 1147 Orci
278 1108 374 1146 aedes
403 1121 417 1146 1
436 1137 447 1155 ,
474 1121 561 1159 230.

164 1161 292 1202 Oresta
321 1161 410 1200 urbs
435 1161 482 1200 ab
510 1160 640 1201 Oreste
666 1161 823 1199 condita
854 1175 867 1199 1
886 1190 897 1208 ,
915 1174 1000 1212 234.
1026 1160 1073 1200 ab
1102 1161 1296 1201 Hadriano
1319 1161 1384 1201 suo

109 1217 265 1256 nomine
281 1216 472 1254 vindicata
497 1217 580 1254 ibid.

164 1269 312 1310 Orestes
335 1272 369 1310 S:
385 1271 464 1319 ejus
487 1269 634 1320 lapides
660 1268 699 1307 in
725 1267 872 1319 templo
897 1268 1026 1308 Dianae
1057 1269 1253 1309 Laodiceae
1277 1270 1386 1320 positi

105 1325 190 1363 ibid.

167 1379 215 1417 cle
243 1378 468 1429 Originibus
491 1377 708 1416 constitutio
734 1378 856 1417 Marci
888 1391 902 1415 1
921 1407 932 1423 ,
958 1378 1015 1429 58.

166 1432 402 1472 Ornamenta
429 1431 633 1472 consularis
662 1432 830 1481 conjugii
860 1432 1041 1470 matronis
1064 1431 1204 1470 donata
1235 1446 1250 1470 1
1269 1462 1279 1480 ‚
1296 1445 1382 1485 232.

112 1498 424 1525 ornamentorum
450 1486 703 1536 imperialium
733 1486 861 1524 auctio
884 1485 983 1524 fac‘ta
1015 1499 1028 1523 1
1049 1516 1058 1532 ,
1087 1485 1148 1534 (²4-

167 1540 344 1590 Orpheus
367 1540 402 1578 in
428 1540 633 1579 Alexandri
660 1539 756 1587 imp.
777 1539 911 1578 larario
946 1553 986 1587 1,
1013 1538 1099 1588 278.

166 1594 374 1644 Orphitus,
398 1594 597 1633 Praefectus
621 1594 712 1633 Urbi
745 1607 759 1632 1
777 1623 787 1640 ,
810 1608 872 1645 43.
897 1605 961 1645 75.
990 1593 1174 1642 Orphitus
1199 1595 1235 1632 δε
1258 1593 1383 1632 Maxi-

112 1661 197 1688 mus
223 1648 321 1688 Coss'.
350 1662 381 1693 1,
405 1662 489 1687 111.
509 1647 696 1698 Orphitus
717 1649 752 1686 ὃ(
781 1647 904 1686 Rufus
928 1646 1025 1686 Coss.
1047 1648 1131 1686 1bid.
1151 1647 1335 1697 Orphitus
1350 1650 1385 1693 ἃ

111 1702 322 1743 Atticianus
347 1701 441 1741 Coss.
477 1716 522 1749 2,
558 1702 640 1748 146.

165 1756 348 1796 Osculum
378 1756 491 1795 dandi
519 1768 602 1794 mos
626 1755 808 1804 Principis
835 1769 849 1793 1
865 1785 875 1801 ‚
899 1768 958 1807 5¹·

165 1811 352 1851 Osdroeni
378 1825 392 1848 1
409 1839 419 1857 ,
446 1823 531 1862 304.
553 1822 574 1848 a
595 1809 812 1849 Maximino
839 1809 1047 1859 deficiunt,
1079 1809 1219 1860 sibique
1247 1810 1385 1850 ducem

111 1864 258 1916 eligunt
273 1879 313 1911 2,
343 1877 403 1903 11.

167 1916 445 1959 Ostensionales
470 1917 606 1956 milites
639 1932 653 1956 1
672 1948 683 1962 ,
710 1917 797 1957 281.

169 1973 367 2013 Othonem
393 1973 564 2011 imitatus
591 1971 862 2022 Heliogabalus
896 1986 911 2010 1
929 2000 940 2020 ,
974 1984 1062 2025 243.

167 2027 270 2078 Oves
295 2038 487 2076 purpureae
503 2039 517 2063 1
533 2056 544 2072 ‚
563 2030 650 2078 22¹3.

170 2081 299 2121 Ovidii
325 2079 408 2118 libri
434 2093 605 2119 amorum
633 2094 671 2126 1,
702 2092 761 2132 33.

169 2135 332 2175 Ovinius
353 2134 534 2173 Camillus
557 2133 752 2173 affeetator
767 2133 977 2185 tyrannidis
993 2132 1192 2183 quomodo
1207 2132 1254 2172 ab
1275 2133 1385 2173 Alex·

117 2191 235 2229 andro
263 2188 358 2238 Imp.
387 2187 537 2226 habitus
565 2202 606 2238 1,
629 2201 719 2240 293.
992 2198 996 2202 “

172 2243 300 2283 Ovum
326 2254 555 2292 purpureum
583 2256 598 2281 1
614 2273 625 2292 ,
647 2256 734 2282 202.
758 2241 845 2282 266.

732 2349 769 2388 P.

170 2403 332 2442 Pacorus
355 2403 435 2443 Rex
459 2417 473 2442 1
487 2435 502 2450 ,
522 2417 588 2451 44.

173 2457 388 2506 Pae'tulejus
414 2457 577 2507 Magnus
605 2455 751 2495 occisus
780 2470 795 2494 1
812 2485 824 2505 ‚
852 2455 936 2496 108.
