1637 2785
280 131 764 179 MAx1M1NUs
813 131 1128 180 suumn.
1283 147 1351 195 27

70 237 208 286 ander
235 239 288 286 de
315 237 587 285 Maximino:
613 238 666 284 de
695 253 788 301 quo
814 254 899 286 nos
923 238 1033 285 nihil
1055 237 1243 301 amplius
1268 237 1354 288 hav-1

69 310 251 368 bemus,
277 310 400 373 quod
423 310 636 357 dicamus.
659 312 771 358 Sane
795 328 850 358 ne
875 311 985 374 quid
1011 311 1352 374 praetermiffum

67 382 152 429 esse
189 383 413 439 videatur,
444 382 573 429 etiam
602 381 831 444 epistolam
864 381 1006 429 indidi
1035 383 1171 446 patris
1201 383 1352 430 Maxi-

68 453 205 511 mini,
235 454 517 515 Imperatoris
555 453 640 513 jam
677 452 804 512 faeti,
832 453 910 517 qui
942 454 1081 513 dicit,
1105 455 1279 503 idcirco
1303 456 1351 503 se

65 524 195 571 etiam
223 523 361 572 filium
393 525 514 572 suum
545 524 780 589 appellass'e
813 527 1160 589 Imperatorem,
1191 539 1242 574 ut
1275 527 1352 573 vi-

66 599 190 646 deret
221 601 294 647 vel
325 600 369 645 in
404 599 597 663 pietur-a,
628 599 704 647 vel
736 598 784 646 in
821 600 1039 660 veritate,
1069 600 1213 664 qualis
1243 600 1351 646 effet

66 670 219 733 junior
248 672 520 720 Maximinus
548 672 592 719 in
613 688 825 736 purpura.
844 672 947 721 Fuit
965 687 1111 721 autem
1133 673 1232 720 talis
1253 672 1352 734 epi-

65 743 195 792 stola:
221 749 310 807 Ego
335 764 425 792 cum
448 762 614 806 propter
639 744 855 809 affec‘z‘um‚
880 764 996 808 quem
1015 763 1138 808 pater
1157 748 1249 805 filio
1279 749 1350 791 de-

64 819 151 876 bet,
187 822 477 865 Maximinum
513 837 676 876 meum,
710 822 998 879 Imperatorem
1029 820 1230 880 appellari
1251 836 1352 878 per·

65 893 125 936 mi
143 912 157 937 ι
168 911 187 947 ;
210 908 295 938 tum
325 895 446 938 etiam
460 928 471 950 ‚
491 908 537 939 ut
557 896 739 953 populus
760 896 984 939 Romanus
1006 890 1050 938 δ’
1078 896 1261 937 Senatus
1281 893 1353 936 ille
1394 892 1398 895 ⁴

63 970 260 1027 antiquus
273 966 456 1023 juraret,
465 968 514 1029 fi
534 985 749 1029 nunquam
763 969 1034 1029 pulchriorem
1061 971 1351 1028 Imperatorem

67 1037 256 1103 habuzffi.
289 1039 401 1087 Usus
429 1039 491 1087 est
514 1053 660 1087 autem
698 1041 814 1087 idem
846 1040 1104 1088 adolescens
1135 1041 1185 1088 δε
1217 1056 1352 1087 aurea

62 1111 205 1158 lorica
224 1149 236 1167 ‚
257 1112 466 1175 exemplo
503 1113 878 1161 Ptolemaeorum:
899 1113 998 1160 usus
1031 1111 1093 1160 est
1118 1124 1351 1177 argentea:

62 1183 164 1230 usus
191 1186 237 1231 δι
267 1186 437 1249 clypeo
471 1198 696 1251 gemmato
728 1185 961 1243 inaurato,
987 1187 1036 1234 &
1069 1185 1187 1233 hasta
1213 1184 1352 1232 inau-

62 1272 166 1303 rata.
187 1256 307 1304 Fecit
335 1259 383 1305 &
406 1256 577 1319 spathas
599 1270 855 1322 argenteas,
872 1257 981 1305 fecit
1008 1257 1141 1304 etiam
1165 1273 1351 1315 aureas,

61 1332 112 1379 &
133 1331 326 1378 omnino
351 1331 572 1395 quidquid
596 1331 691 1393 ejus
715 1330 1092 1395 pulchritudinem
1115 1329 1257 1393 poffet
1281 1328 1350 1389 ju-

61 1418 182 1451 vare.
211 1401 329 1450 Fecit
354 1404 402 1452 δι
431 1402 575 1467 galeas
604 1415 872 1467 gemmatas,
904 1401 1012 1449 fecit
1039 1404 1088 1449 &
1119 1401 1350 1448 bucculas.

62 1474 172 1523 Haec
199 1474 326 1532 sunt,
351 1492 455 1539 quae
480 1475 534 1522 de
561 1491 706 1538 puero
735 1475 833 1524 sciri
868 1477 916 1522 δι
945 1472 1034 1520 dici
1065 1472 1231 1520 decuit.
1259 1472 1349 1519 Re-

58 1547 183 1610 liqua
208 1547 286 1610 qui
319 1547 446 1594 volet
477 1547 633 1606 noffe,
665 1547 719 1594 de
749 1548 881 1594 rebus
912 1544 1127 1593 Venereis
1150 1546 1197 1592 &
1223 1561 1349 1591 ama-

58 1619 216 1676 toriis,
232 1618 394 1681 quibus
424 1633 525 1665 eum
551 1618 732 1665 Cordus
753 1615 968 1680 aspergit,
991 1618 1183 1665 eundem
1202 1617 1346 1680 legat:

59 1708 147 1739 nos
172 1690 291 1738 enim
321 1692 414 1740 hoc
441 1690 550 1740 loco
577 1689 711 1738 finem
742 1690 847 1737 libri
885 1689 1122 1750 faciemus,
1150 1691 1204 1738 ad
1231 1690 1346 1749 alia,

57 1777 108 1812 ut
130 1763 310 1826 jubetur
338 1763 468 1812 velut
499 1764 686 1828 publico
718 1762 843 1825 jure,
874 1778 1181 1826 properantes,

141 1839 220 1886 1V.
250 1838 420 1886 Omina
447 1837 547 1885 sane
581 1837 757 1901 imperii
787 1838 883 1885 haec
917 1837 1112 1886 fuerunt.
1154 1839 1347 1901 Serpens

57 1911 300 1959 dormienti
325 1923 459 1976 caput
487 1912 794 1960 circumdedit.
825 1911 969 1959 Pofita
995 1912 1052 1960 ab
1081 1912 1242 1960 eodem
1276 1911 1347 1960 vi·

54 1983 113 2031 tis
137 1983 253 2031 intra
275 1999 440 2031 annum
465 1983 667 2048 ingentes
692 2001 805 2032 uvas
833 2001 1076 2048 purpureas
1095 1985 1270 2044 attulit,
1290 1987 1345 2034 δε

56 2055 183 2105 mirae
208 2055 528 2120 magnitudinis
557 2056 669 2104 facta
696 2056 772 2105 est.
795 2058 978 2105 Scutum
1008 2057 1104 2120 ejus
1136 2058 1214 2105 sub
1247 2059 1343 2107 sole

56 2126 174 2178 arfit.
210 2128 433 2176 Lanceola
465 2128 524 2176 fic
552 2127 643 2177 fiffa
678 2129 739 2176 est
769 2128 982 2188 fulmine,
1007 2143 1057 2177 ut
1083 2143 1178 2178 tota
1205 2131 1342 2178 etiam

55 2216 138 2264 per
160 2199 328 2248 ferrum
352 2199 651 2262 scinderetur,
672 2204 719 2251 δι
739 2203 848 2251 duas
873 2216 1016 2266 partes
1042 2203 1228 2251 faceret:
1257 2219 1342 2250 un-

55 2275 111 2320 de
135 2273 343 2321 dixerunt
362 2273 639 2337 haruspices,
661 2276 774 2323 duos
800 2278 1092 2338 Imperatores
1120 2293 1212 2323 non
1239 2277 1342 2324 diu-

54 2356 215 2392 turnos
231 2362 288 2394 ex
308 2363 394 2394 una
410 2347 574 2407 domo,
590 2348 742 2396 iisdem
761 2348 1020 2395 nominibus
1037 2347 1228 2397 futuros.
1247 2351 1341 2397 Lo·

54 2417 150 2466 rica
173 2417 310 2483 patris
331 2418 455 2483 ejus,
480 2436 578 2469 non
587 2456 605 2483 ,
629 2433 679 2471 ut
704 2421 841 2483 solet,
860 2421 1083 2488 ferrugine
1099 2457 1114 2483 ,
1139 2421 1213 2472 sed
1239 2435 1336 2473 tota
