1714 2807
347 199 442 250 230
571 185 928 233 ι-ιΑνιι
994 185 1430 233 VOPISCI

342 294 470 358 quod
498 293 799 341 breviffimum
826 293 1037 357 promisi,
1056 295 1192 342 multa
1222 296 1484 344 conneaam
1501 331 1518 354 ,
1547 311 1626 344 ve-

342 368 517 415 niamus
546 367 600 413 ad
637 368 845 415 Firmum.
1486 364 1490 369 ’

408 443 479 488 111.
510 441 662 486 Firmo
692 439 831 503 patria
852 438 1051 488 Seleucia
1078 438 1196 496 fuit3
1223 440 1394 488 tametsi
1423 439 1626 505 plerique

344 512 615 560 Graecorum
647 512 826 558 alteram
865 512 1045 558 tradunt
1066 547 1080 568 ‚
1123 510 1292 574 ignari,
1323 529 1380 558 eo
1420 526 1628 575 tempore

343 584 443 648 ipso
476 596 563 632 tres
603 583 726 630 fuiss’e
764 584 968 638 Firm05‚
1002 600 1195 644 quorum
1235 601 1351 631 unus
1391 585 1630 632 Praefectus

342 657 564 722 AEgypti,
590 658 699 704 alter
727 658 819 703 dux
853 655 1005 702 limitis
1038 656 1261 715 Africani,
1289 657 1494 719 idemque
1516 661 1629 706 Pro·-

343 731 529 787 consul,
561 729 716 776 tertius
747 730 824 776 iste
853 727 1066 775 Zenobiae
1087 729 1255 777 amicus
1272 747 1321 776 ac
1350 731 1522 778 socius:
1548 731 1631 795 qui

345 802 662 853 Alexandriam
694 801 1013 864 AEgyptiorum
1043 801 1255 849 incitatus
1280 801 1434 849 furore
1465 820 1631 866 perva-

345 880 424 933 sit,
443 879 492 924 &
521 892 652 939 quem
680 875 942 920 Aurelianus
968 874 1095 921 solita
1125 874 1342 922 virtutum
1375 877 1544 922 suarum
1568 875 1631 924 fe·-

346 949 514 996 licitare
546 945 782 994 contrivit.
815 946 890 992 De
925 944 1055 1006 hujus
1093 946 1265 993 divitiis
1294 948 1435 995 multa
1469 948 1629 995 dicun-

347 1034 438 1068 tur.
469 1036 569 1066 nam
600 1020 649 1065 δι
675 1017 830 1065 vitreis
862 1020 1168 1080 quadraturis,
1201 1020 1419 1068 bitumine
1449 1021 1633 1083 aliisque

344 1092 682 1145 medicamentis
719 1091 924 1148 insertis,
960 1092 1148 1140 domum
1178 1093 1397 1141 induxisse
1428 1095 1634 1157 perhibe-

346 1183 445 1217 tur:
471 1169 521 1216 &
548 1179 721 1215 tantum
748 1166 943 1213 habuisse
964 1167 1017 1213 de
1041 1168 1231 1225 chartis,
1250 1181 1298 1214 ut
1326 1169 1502 1230 publice
1518 1168 1632 1230 saepe

348 1243 544 1297 diceret,
565 1241 815 1287 exercitum
834 1241 874 1286 se
899 1242 1014 1287 alere
1033 1241 1153 1302 posse
1171 1259 1349 1306 papyro
1371 1243 1419 1289 &
1441 1241 1631 1306 glutino·

346 1319 466 1366 Idem
493 1317 542 1362 &
570 1331 668 1361 cum
701 1314 899 1377 Blemyis
927 1315 1180 1361 societatem
1201 1315 1439 1361 maximam
1461 1315 1633 1372 tenuit,

348 1392 399 1438 &
421 1407 519 1438 cum
547 1388 774 1435 Saracenis
795 1406 805 1434 :
829 1405 963 1434 naves
986 1404 1170 1451 quoque
1191 1389 1242 1434 ad
1269 1390 1404 1434 Indos
1432 1387 1633 1451 negotia-

347 1463 488 1512 torias
520 1461 632 1522 saepe
652 1461 780 1508 misit.
802 1462 890 1523 ipse
920 1478 1102 1525 quoque
1123 1462 1282 1509 dicitur
1301 1461 1493 1508 habuisse
1514 1462 1632 1509 duos

347 1536 504 1582 dentes
530 1532 756 1594 elephanti
784 1533 945 1595 pedum
974 1534 1170 1591 densim,
1197 1551 1220 1580 e
1242 1534 1403 1596 quibus
1430 1533 1633 1580 Aurelia-

347 1625 432 1656 nus
473 1607 565 1669 ipse
609 1607 755 1652 sellam
800 1605 1092 1653 constituerat
1133 1606 1306 1665 facere,
1343 1606 1501 1653 additis
1535 1607 1634 1653 aliis

346 1679 547 1735 duobus,
571 1679 617 1724 in
649 1694 732 1740 qua
758 1677 961 1739 luppiter
990 1695 1145 1725 aureus
1170 1681 1217 1728 &
1243 1692 1487 1742 gemmatus
1513 1677 1635 1724 sede-

347 1765 450 1809 ret,
486 1768 587 1798 cum
633 1747 848 1812 praetexta
872 1785 885 1807 ,
921 1751 1159 1812 ponendus
1191 1750 1236 1796 in
1273 1751 1443 1810 templo
1479 1749 1634 1808 Solis,

348 1823 600 1886 Apenninis
627 1823 819 1868 sortibus
849 1823 1035 1880 additis,
1070 1841 1202 1886 quem
1234 1823 1445 1886 appellari
1470 1824 1634 1871 volue-

331 1889 417 1945 ⁷'i’at
451 1899 612 1944 Jovem
645 1898 893 1957 Consulem,
917 1897 991 1942 vel
1026 1899 1327 1959 considentem.
1355 1895 1439 1943 Sed
1455 1894 1632 1942 eosdem

350 1970 506 2017 dentes
531 1969 679 2031 postea
704 1969 898 2014 Carinus
928 1967 1101 2014 mulieri
1133 1968 1309 2015 cuidam
1341 1968 1467 2014 dono
1498 1967 1633 2013 dedit.

349 2058 450 2105 quae
482 2043 640 2088 lechum
672 2059 724 2088 ex
758 2043 809 2089 iis
841 2042 990 2090 fecisse
1018 2055 1252 2088 narraturz
1282 2043 1331 2089 &
1367 2041 1472 2105 quia
1513 2057 1635 2087 nunc

353 2114 519 2171 scitur,
538 2116 586 2161 δὲ
617 2113 716 2160 sciri
742 2115 858 2175 apud
885 2114 1088 2176 posteros
1115 2115 1223 2159 nihil
1242 2113 1467 2175 proderit,
1488 2127 1634 2161 taceo,

354 2187 418 2232 Ita
439 2187 608 2233 donum
631 2187 832 2234 Indicum
850 2223 862 2242 ‚
896 2186 999 2233 Jovi
1026 2188 1219 2248 Optimo
1249 2187 1451 2234 Maximo
1473 2186 1632 2233 conse-

349 2275 520 2307 cratum
537 2296 549 2317 ‚
571 2277 648 2322 per
672 2259 959 2307 deterrimum
991 2260 1240 2322 Principem
1269 2261 1318 2308 &
1343 2259 1632 2306 ministerium

415 2407 493 2453 IV.
531 2405 627 2452 Fuit
663 2418 810 2452 tamen
843 2407 1015 2453 Firmus
1059 2406 1220 2453 flatura
1250 2403 1452 2469 ingenti,
1489 2401 1636 2450 oculis

350 2475 461 2526 foris
483 2477 813 2538 eminentibus,
841 2478 1008 2542 capillo
1037 2478 1182 2542 crispo
1198 2513 1213 2538 ,
1238 2476 1389 2526 fronte
1420 2477 1633 2524 vulnera-
