1714 2807
335 173 417 218 ¹92
536 154 1416 204 AELIISPARTIANI

327 259 514 316 tatoris;
535 277 667 323 quem
694 263 741 310 &
763 263 1007 310 Consulem
1029 263 1096 311 bis
1113 264 1306 322 fecerat,
1332 266 1381 313 &
1401 266 1612 314 omnibus

327 332 456 379 bellis
480 333 802 394 praeposuerat,
821 352 921 397 quae
944 336 1193 398 gravissima
1213 353 1320 384 tunc
1342 338 1545 395 fuerunt;
1563 341 1614 386 &

325 403 385 449 ita
415 404 622 465 quidem,
649 419 699 451 ut
734 406 960 453 videretur
985 425 1008 454 a
1030 409 1280 456 latronibus
1309 411 1581 458 interemtus.

393 480 468 524 IV.
495 478 673 525 Deinde
704 478 749 524 in
786 479 1024 541 conspectu
1065 480 1160 539 ejus
1194 482 1457 542 Papinianus
1489 483 1613 530 secu·

326 549 364 597 ri
403 550 627 612 percussus
660 550 747 607 est,
778 553 826 598 &
863 568 883 596 a
924 550 1138 597 militibus
1173 553 1346 600 occisus
1375 572 1506 615 :quo
1546 554 1614 600 fa·

329 622 402 668 Cio
437 623 684 684 percussori
707 623 841 677 dixit,
862 625 1020 668 Gladio
1043 640 1077 668 te
1096 626 1261 685 exsequi
1287 631 1464 686 oportuit
1483 645 1614 672 meum

319 693 491 756 juffum.
519 694 707 740 Occisus
727 694 788 740 est
819 695 951 740 etiam
980 694 1075 755 ejus
1108 695 1215 753 juss'u
1253 698 1490 746 Petronius
1511 712 1614 745 ante

326 766 542 827 templum
573 767 687 813 Divi
723 767 816 822 Pii,
839 768 1063 829 traciaque
1090 767 1190 814 sunt
1223 785 1382 816 eorum
1419 789 1496 831 per
1519 772 1614 834 pla·

325 852 441 885 team
469 839 708 894 cadavera,
738 839 826 884 tine
856 840 1002 902 aliqua
1034 841 1319 889 humanitatis
1349 846 1615 892 reverentia.

326 910 488 957 Filium
520 927 667 956 autem
699 911 957 972 Papiniani,
991 912 1067 973 qui
1104 926 1206 959 ante
1244 915 1437 961 triduum
1476 918 1614 976 Quae·

327 982 422 1027 stor
450 983 716 1043 opulentum
743 999 905 1028 munus
937 984 1161 1042 ediderat,
1184 987 1424 1034 interemit.
1456 988 1614 1034 lisdem

328 1055 483 1100 diebus
508 1055 643 1101 occisi
670 1052 768 1099 sunt
794 1054 1049 1111 innumeri,
1085 1057 1160 1118 qui
1198 1057 1344 1109 fratris
1378 1057 1473 1114 ejus
1507 1077 1614 1120 par·

329 1127 446 1173 tibus
475 1128 695 1173 faverant.
730 1128 877 1174 Occisi
906 1129 1036 1174 etiam
1066 1129 1242 1186 liberti,
1271 1130 1349 1190 qui
1375 1134 1501 1178 Getae
1536 1133 1615 1178 ad-

330 1198 706 1246 ministraverant.
735 1200 890 1245 Caedes
918 1200 1077 1245 deinde
1105 1200 1150 1245 in
1182 1201 1393 1247 omnibus
1425 1201 1537 1249 locis
1569 1205 1617 1251 ὅ(

330 1273 377 1320 in
408 1271 575 1318 balneis
598 1271 735 1318 faffiae.
758 1272 999 1335 Occisique
1026 1273 1233 1318 nonnulli
1265 1273 1397 1320 etiam
1427 1292 1617 1321 coenan·

333 1359 421 1393 tes:
451 1347 566 1392 inter
595 1363 710 1408 quos
739 1347 868 1391 etiam
901 1346 1210 1393 Sammonicus
1237 1348 1458 1404 Serenus,
1493 1347 1617 1406 cujus

330 1417 433 1464 libri
457 1418 636 1479 plurimi
658 1419 711 1464 ad
736 1418 983 1464 doctrinam
1007 1418 1189 1464 exstant.
1218 1422 1263 1464 ln
1289 1419 1508 1465 summum
1533 1419 1618 1465 dis-

331 1489 503 1536 crimen
531 1490 662 1535 etiam
696 1489 800 1535 Cilo
827 1490 986 1535 iterum
1013 1490 1247 1536 Praet'eStus
1270 1495 1315 1536 ὅ(
1343 1491 1515 1537 Consul
1540 1507 1618 1536 ve-

333 1562 422 1619 nit,
450 1563 512 1609 ob
540 1562 630 1609 hoc
647 1598 658 1616 ‚
682 1564 808 1623 quod
836 1563 1125 1609 concordiam
1150 1564 1263 1609 inter
1284 1562 1441 1609 fratres
1478 1564 1617 1610 suase-

332 1646 415 1680 rat.
439 1635 493 1679 Et
517 1651 619 1679 cum
653 1633 768 1680 idem
792 1634 898 1680 Cilo
923 1634 1088 1680 sublata
1120 1635 1237 1679 veste
1264 1635 1480 1680 senatoria
1500 1671 1512 1691 ,
1533 1652 1618 1682 nu·-

331 1708 399 1753 dis
428 1707 638 1767 pedibus,
677 1706 732 1752 ab
762 1707 1062 1754 urbanicianis
1104 1720 1254 1768 raptus
1299 1707 1433 1764 effer,
1477 1713 1617 1755 Anto-

329 1779 464 1824 ninus
489 1777 753 1823 seditionem
777 1779 1050 1838 compressit.
1077 1778 1241 1825 Multus
1270 1793 1478 1841 praeterea
1497 1780 1616 1841 post-

331 1867 380 1898 ea
413 1851 553 1898 caedes
582 1851 626 1896 in
665 1852 788 1897 Urbe
824 1851 962 1908 fecit,
989 1852 1143 1914 paffim
1171 1854 1307 1915 raptis
1339 1871 1360 1899 a
1401 1855 1617 1902 militibus

332 1924 564 1971 nonnullis
596 1924 890 1981 hominibus,
912 1927 960 1972 &
995 1926 1179 1982 occisis,
1209 1927 1327 1989 quasi
1354 1927 1617 1975 seditionem

331 1996 580 2044 vindicans.
607 1996 823 2042 Helvium
856 1997 1158 2056 Pertinacem,
1185 1998 1413 2044 suffectum
1439 2001 1618 2046 Consu·

331 2071 417 2117 lem
435 2105 449 2127 ‚
474 2071 537 2116 ob
564 2070 652 2115 hoc
681 2070 822 2114 solum
840 2105 853 2125 ,
883 2071 1008 2129 quod
1030 2069 1147 2116 filius
1179 2071 1280 2117 esset
1303 2073 1616 2134 Imperatoris,

328 2143 513 2191 occidit.
538 2143 699 2205 Neque
728 2143 911 2189 cessavit
934 2160 1131 2204 unquam
1160 2142 1236 2189 sub
1265 2143 1454 2190 diversis
1486 2158 1619 2191 occa·

331 2216 530 2264 sionibus
560 2232 639 2262 eos
672 2214 924 2262 interficere
943 2251 955 2272 ,
988 2216 1065 2277 qui
1095 2214 1243 2262 fratris
1266 2217 1396 2263 amici
1426 2216 1619 2264 fuissent.

331 2291 459 2351 Saepe
499 2289 545 2335 in
583 2290 821 2340 Senatum,
856 2288 967 2350 saepe
999 2289 1043 2334 in
1076 2288 1294 2349 populum
1326 2287 1511 2350 superbe
1548 2288 1619 2335 in·

334 2363 485 2409 veihis
517 2361 605 2417 est,
638 2372 712 2407 aut
750 2360 902 2407 edictis
935 2359 1201 2422 propositis,
1225 2372 1299 2406 aut
1336 2360 1618 2409 orationibus

331 2434 487 2492 editis,
507 2433 673 2481 Sullam
694 2432 736 2480 se
760 2431 891 2484 etiam
915 2432 1149 2480 ostendens
1175 2431 1384 2481 futurum,
