1637 2785
276 135 694 184 TRIGINTA
745 135 1135 184 TYRANNI.
1279 153 1363 184 121

78 261 292 308 erogentur
305 281 316 301 ‚
329 264 416 306 quae
430 245 680 304 naseuntur,
701 263 752 290 ne
771 261 845 291 aut
863 247 1059 291 vehiculis
1076 245 1369 306 autfitmtibur

78 323 366 380 rempublicam
392 335 574 381 gnavent.
603 321 785 364 Galatia
803 319 1030 377 frumentis
1056 323 1245 364 abundat
1265 356 1275 375 ‚
1307 339 1373 365 re-

68 390 183 450 ferta
217 391 269 455 est
301 391 509 448 Thracia,
532 394 703 451 plenum
734 390 787 453 ‘st
819 393 1037 449 Illyricum
1058 408 1074 436 .·
1103 393 1192 436 illic
1213 393 1370 450 pedites

77 467 335 508 collocentur.
365 480 616 523 quamquam
646 465 692 506 itz
727 463 908 507 Thracia
939 465 1061 506 etiam
1090 466 1239 523 equites
1258 499 1265 513 .
1276 463 1372 527 stne

76 556 195 583 noxa
206 538 535 597 provincialium
552 571 566 591 ‚
591 538 769 582 hiemare
777 535 946 596 poffint.
976 538 1163 582 Multum
1193 541 1300 582 enim
1319 555 1376 583 ex

78 613 237 671 campis
258 609 373 668 foetzl
400 612 620 671 colligitur.
647 612 745 658 Jam
773 610 843 654 ubi
875 610 1085 663 laridum,
1119 609 1215 663 jam
1245 627 1377 655 ceterae

66 684 229 744 species
248 717 262 741 ,
294 686 339 730 in
372 683 440 729 his
471 686 622 729 danda:
642 682 749 742 fient
778 682 882 728 locis
904 715 916 733 ,
957 684 1003 727 in
1038 683 1186 742 quihus
1210 681 1376 746 affiztim

78 760 325 804 redundant.
358 757 464 817 Quae
503 759 646 802 omnia
665 757 780 817 sunt
815 754 985 820 Balistae
1019 754 1214 818 confilia,
1235 757 1377 814 quiex

82 848 247 890 quaque
269 831 494 890 provincia
522 847 651 875 unam
678 844 840 874 tantum
858 828 1034 888 speciem
1056 827 1377 890 praeberijzfft,

80 905 194 964 quod
226 921 273 948 ea
306 905 549 948 redundaret
570 938 581 958 ,
618 918 738 963 atque
771 905 824 947 ab
855 921 901 947 ea
925 904 1078 947 milites
1105 903 1340 962 fitbnzoveri
1360 917 1379 945 .-

80 979 129 1024 id
154 980 267 1038 quod
285 977 517 1037 publicitus
544 979 597 1043 est
621 980 837 1022 decretum.
863 974 935 1021 Est
963 977 1011 1022 δε
1046 974 1130 1021 alia
1157 973 1251 1037 ejus
1278 975 1380 1037 epi-

82 1048 226 1104 fiola,
249 1064 336 1110 qua
366 1047 525 1111 gratias
554 1048 726 1095 Balistae
755 1047 879 1111 agit:
913 1047 959 1094 in
988 1063 1074 1110 qua
1105 1047 1265 1102 docet,
1296 1047 1379 1094 fibi

80 1133 306 1185 praecepta
337 1121 640 1184 gubernandae
668 1119 931 1182 reipublicae
959 1120 1015 1166 ab
1049 1120 1207 1167 eodem
1241 1125 1338 1168 data
1363 1155 1379 1176 ‚

79 1189 307 1259 gaudens,
328 1196 452 1258 quod
483 1193 579 1257 ejus
611 1194 804 1242 confilio
832 1194 1007 1241 nullum
1028 1189 1379 1257 adscriptitinm,

80 1268 129 1316 id
157 1268 250 1327 est,
287 1281 522 1316 vacantem
547 1304 562 1325 ,
599 1268 815 1327 haberet,
849 1269 897 1316 &
935 1267 1167 1315 tribunum
1204 1268 1380 1315 nullum

81 1339 343 1403 stipatorem
361 1377 377 1400 ‚
395 1341 473 1404 qui
503 1357 600 1387 non
621 1356 728 1387 vere
755 1353 983 1404 pugnaret.
1015 1339 1103 1387 Hic
1131 1339 1266 1403 igi-tur
1285 1340 1382 1398 vir,

81 1410 131 1458 in
160 1412 363 1459 tentorIO
392 1412 473 1459 suo
503 1413 672 1460 cubans
691 1448 703 1469 ‚
725 1429 749 1458 a
776 1412 976 1474 quodam
1005 1412 1210 1475 gregario
1236 1410 1381 1457 milite

83 1485 313 1543 Odenati,
348 1487 394 1533 in
430 1486 627 1533 Gallieni
657 1486 872 1549 gratiam,
901 1483 1067 1531 dicitur
1100 1484 1380 1530 interemtus,

83 1558 161 1606 De
188 1575 283 1621 quo
313 1558 405 1621 ipse
426 1575 533 1607 vera
551 1574 645 1605 non
677 1558 777 1605 satis
805 1557 1036 1621 comperi,
1062 1557 1235 1604 idcirco
1254 1556 1382 1621 quod

83 1628 326 1691 scriptores
364 1643 620 1692 temporum
665 1630 718 1676 de
756 1630 886 1692 hujus
917 1629 1177 1694 praefeffiura
1207 1630 1382 1688 multa,

89 1703 146 1750 de
179 1702 372 1767 imperio
399 1720 542 1771 pauca
572 1694 795 1753 dixerimt.

142 1866 484 1926 XVIII.
550 1867 687 1925 DE
754 1837 1325 1961 VALENT‘E.

87 2080 217 2129 XIX.
256 2041 413 2143 HIC
454 2079 528 2126 vir
568 2079 802 2139 militaris,
831 2079 960 2128 fimul
997 2080 1130 2129 etiam
1173 2080 1383 2129 civilium

47 2206 50 2207 ⁷
86 2152 310 2200 virtutum
344 2151 488 2215 gloria
516 2153 723 2216 pollens,
749 2154 1127 2202 Proconsulatum
1165 2151 1347 2212 Achajae
1367 2189 1384 2208 ‚

86 2228 192 2274 dato
227 2244 251 2274 a
275 2226 490 2275 Gallieno
523 2240 632 2277 tunc
661 2229 869 2287 honore,
898 2229 1208 2291 gubernabat:
1246 2243 1381 2289 quern

87 2300 349 2348 Macrianus
378 2300 667 2348 vehementer
685 2300 1012 2356 reformidans,
1032 2300 1160 2347 fimul
1189 2298 1313 2362 quod
1335 2298 1384 2344 in

88 2373 217 2422 omni
243 2388 405 2436 genere
437 2373 546 2419 vitae
574 2373 675 2420 satis
708 2374 878 2422 clarum
911 2386 1074 2431 norat,
1109 2372 1235 2418 fimul
1258 2373 1382 2434 quod

90 2444 322 2495 inimicum
352 2443 432 2492 fibi
458 2443 544 2493 effe
569 2444 745 2494 invidia
775 2446 1000 2495 virtutum
1036 2445 1228 2504 sciebat,
1250 2443 1380 2491 miffo
