1637 2785
281 139 699 186 TP-YC‘INTA
746 138 1142 184 TYRANNI.
1270 153 1355 202 105

77 246 253 311 fiigiens
281 246 392 294 tanti
416 246 626 309 ponderis
646 246 838 304 molem,
858 246 1050 309 primum
1075 247 1120 293 in
1141 246 1360 306 Marium,

77 321 236 368 deinde
269 322 312 365 in
351 320 582 367 Tetricum
622 332 755 382 atque
792 319 886 379 ejus
925 318 1064 366 filium
1106 321 1361 368 contulisset

75 393 276 456 imperia.
318 395 371 438 Et
403 392 635 439 Lollianus
668 393 847 453 quidem
887 393 1171 440 nonnihilum
1211 397 1360 456 reipu-

77 468 205 514 blicae
228 465 412 528 profuit.
435 482 532 513 nam
558 465 786 528 plerasque
809 465 969 511 Galliae
989 466 1197 514 civitates
1213 503 1225 525 ,
1245 484 1362 513 non-

65 539 197 586 -nulla
220 538 349 585 etiam
372 537 531 593 castra,
551 554 651 600 quae
670 537 917 584 Postumius
937 554 1016 600 per
1034 538 1196 601 septem
1220 556 1363 586 annos

75 612 121 657 in
145 610 243 657 solo
271 610 504 657 barbarico
529 609 830 657 aedificaverat
848 645 862 666 ‚
880 626 1075 672 quaeque
1093 646 1108 668 ‚
1128 611 1363 659 interfecto

74 687 339 742 Postumio,
370 685 510 732 subita
539 685 792 748 irruptione
818 687 1179 743 Germanorum,
1209 688 1259 733 &
1294 686 1363 731 di-

78 772 202 819 repta
233 759 406 805 fuerant
422 760 499 817 ;&
523 759 697 806 incensa
713 795 727 816 ‚
746 759 793 804 in
821 759 978 805 flatum
999 772 1196 806 veterem
1217 759 1364 806 refor-

75 833 250 882 mavit:
275 834 435 880 deinde
458 850 481 879 a
513 833 601 879 suis
623 834 864 891 militibus,
891 833 1016 895 quod
1044 833 1091 878 in
1111 834 1264 880 labore
1297 833 1365 880 ni·

76 905 194 952 mius
220 904 348 959 effet,
373 905 548 952 occisus
581 904 656 949 est.
687 907 749 950 lta
777 904 991 951 Gallieno
1013 905 1228 966 perdente
1249 920 1362 951 rem-

76 978 304 1038 publicam
326 1014 339 1034 ,
380 979 425 1023 in
465 979 612 1024 Gallia
649 979 842 1040 primum
879 977 1133 1024 Postumius
1156 1014 1170 1034 ‚
1206 977 1367 1024 deinde

76 1052 337 1110 Lollianus,
361 1053 617 1099 ViAElorinus
637 1053 866 1114 deinceps,
886 1052 1115 1115 postremo
1135 1053 1365 1110 Tetricus,

77 1125 218 1188 (nam
246 1127 300 1172 de
333 1127 482 1172 Mario
517 1126 628 1173 nihil
657 1124 885 1189 dicimus)
915 1126 1145 1172 assertores
1174 1125 1366 1171 Romani

78 1198 276 1245 nominis
305 1199 603 1246 exstiterunt:
631 1215 746 1261 quos
783 1215 942 1246 omnes
979 1199 1108 1246 datos
1147 1198 1367 1245 divinitus

78 1271 219 1318 credo
239 1305 252 1327 ‚
283 1287 368 1327 ne,
391 1288 492 1318 cum
520 1271 596 1317 illa
631 1270 763 1334 pestis
800 1270 996 1317 inaudita
1025 1270 1199 1317 luxuria
1229 1271 1367 1333 impe-

76 1343 272 1400 diretur,
298 1344 346 1391 in
376 1344 471 1391 aliis
506 1344 754 1407 poffidendi
780 1346 1037 1392 Romanum
1066 1345 1208 1391 solum
1250 1346 1365 1391 Ger·

77 1417 222 1465 manis
248 1419 427 1465 daretur
457 1419 679 1466 facultas:
709 1419 786 1482 qui
808 1418 834 1464 fi
861 1436 917 1466 eo
946 1435 1110 1482 genere
1132 1431 1241 1465 tunc
1262 1434 1367 1464 eva-

77 1490 239 1549 sissent,
258 1507 352 1554 quo
372 1491 519 1538 Gothi
538 1492 586 1538 &
605 1492 747 1538 Persae
760 1526 774 1549 ‚
800 1491 1182 1537 consentientibus
1206 1490 1250 1536 in
1269 1490 1366 1536 Ro-

79 1580 218 1610 mano
247 1563 347 1609 solo
378 1564 606 1628 gentibus,
640 1564 897 1611 venerabile
924 1564 1015 1610 hoc
1047 1563 1245 1610 Romani
1280 1580 1366 1609 no-

80 1636 216 1684 minis
242 1635 418 1682 finitum
445 1638 549 1683 effet
582 1637 834 1700 imperium.
870 1638 1066 1684 Lolliani
1097 1649 1242 1684 autem
1273 1636 1365 1682 vita

80 1710 127 1756 in
161 1709 313 1756 multis
337 1708 527 1757 obscura
558 1709 645 1767 est,
664 1724 714 1757 ut
740 1709 874 1772 ipsius
906 1710 1118 1757 Postumii
1141 1726 1156 1765 ;
1179 1709 1250 1757 sed
1280 1708 1368 1772 pri-

82 1795 188 1828 vata
233 1781 400 1830 virtute
435 1781 577 1840 clari,
610 1799 704 1830 non
741 1779 988 1830 nobilitatis
1024 1783 1258 1846 pondere,
1290 1779 1363 1827 vi-

82 1865 262 1902 xerunt.

197 2019 268 2075 V.
336 2016 471 2074 DE
537 2013 1247 2074 VICTORINO.

84 2186 524 2272 V1.Pos·fUM1Us
562 2221 739 2278 senior,
772 2237 874 2267 cum
919 2218 1119 2278 videret,
1148 2217 1298 2264 multis
1330 2216 1372 2265 se

86 2298 287 2347 Gallieni,
322 2295 497 2341 viribus
529 2295 649 2357 peti,
681 2308 816 2356 atque
845 2291 1063 2338 auxilium
1098 2307 1190 2337 non
1228 2290 1371 2336 solum

88 2372 308 2426 militum,
344 2376 502 2415 verum
538 2368 668 2415 etiam
707 2366 886 2420 alterius
924 2364 1142 2426 Principis
1180 2364 1368 2410 neceffa=

93 2441 233 2497 rium,
254 2440 560 2495 Vi&orinum,
577 2438 780 2487 militaris
800 2436 1022 2484 industriae
1042 2436 1207 2493 virum,
1220 2436 1264 2482 in
1280 2451 1374 2498 par-
