1637 2785
317 125 834 174 GALLIENI
900 125 1193 174 Duo·
1305 138 1371 190 97

83 234 234 291 lietes3
263 251 364 283 cum
401 233 526 296 ipso,
561 233 765 296 pulchrae
801 235 848 280 δι
885 234 1077 296 puellae3
1115 250 1217 281 cum
1254 234 1369 293 illis,

82 322 190 353 anus
224 304 471 352 deformes:
504 306 553 352 δι
589 302 731 364 jocari
763 304 803 348 se
840 305 1054 364 dicebat,
1079 322 1179 354 cum
1211 308 1370 354 orbem

82 391 299 424 terrarum
321 374 810 440 undique'perdidiffet.

146 450 314 496 XVIII.
341 449 439 494 Fuit
463 460 611 493 tamen
635 445 785 493 nimiae
812 447 1086 496 crudelitatis
1110 447 1154 494 in
1181 449 1369 497 milites:

82 539 185 571 nam
210 525 258 570 ὅ(
292 537 416 570 tex-na
443 521 609 578 millia,
630 521 680 568 &
705 533 922 583 quaterna
952 521 1168 580 militum,
1193 523 1372 587 singulis

83 596 237 642 diebus
266 595 450 643 occidit.
484 595 678 641 Statuam
709 593 787 640 fibi
821 593 1036 655 majorem
1067 595 1240 640 coloffo
1273 596 1372 643 fieri

85 671 297 734 praecepit
311 707 324 728 ,
341 671 459 718 Solis
477 670 658 717 habitu:
684 670 754 717 sed
774 687 824 717 ea
843 669 1101 732 imperfe&a
1118 670 1260 731 periit.
1279 684 1370 717 tam

82 761 239 807 magua
271 744 464 806 denique
497 757 699 806 coeperat
721 741 844 799 fieri,
866 756 913 788 ut
940 741 1105 804 duplex
1138 742 1193 788 ad
1223 741 1371 788 colos-

81 816 176 864 sum
201 817 442 864 videretur.
460 817 574 864 Poni
595 829 740 863 autem
763 816 882 862 illam
903 817 1111 863 voluerat
1129 815 1175 862 in
1197 814 1372 863 summo

82 887 382 950 Esquiliarum
411 901 591 945 monte,
614 888 674 934 ita
700 900 747 933 ut
773 886 935 933 hastam
965 900 1163 944 teneret,
1194 902 1271 948 per
1297 904 1372 933 cu·

79 956 148 1017 jus
176 971 310 1020 caput
340 957 489 1005 infans
520 959 575 1005 ad
600 958 818 1006 summum
852 958 994 1021 posset
1021 957 1270 1004 ascendere.
1298 957 1372 1004 sed

82 1032 131 1076 δι
151 1029 347 1076 Claudio
371 1031 419 1077 δε
437 1030 685 1075 Aureliano
706 1031 916 1091 deinceps
942 1028 1070 1075 stulta
1093 1046 1160 1076 res
1182 1029 1276 1076 visa
1294 1029 1372 1077 est.

81 1101 297 1164 fiquidem
328 1101 462 1147 etiam
495 1116 636 1162 equos
666 1103 715 1147 &
741 1116 924 1147 currum
957 1099 1053 1146 fieri
1082 1101 1258 1161 jusserat
1283 1119 1372 1163 pro

82 1174 294 1236 qualitate
313 1173 492 1230 statuae,
507 1185 641 1235 atque
671 1172 716 1219 in
733 1172 972 1218 acutiffima
995 1171 1094 1219 base
1113 1174 1235 1235 poni.
1256 1175 1372 1220 Por—

82 1246 221 1294 ticum
248 1246 510 1294 Flaminiam
532 1247 674 1309 'usque
694 1246 748 1292 ad
768 1259 953 1307 pontem
973 1246 1187 1294 Milvium
1210 1250 1258 1296 Sc
1278 1247 1372 1310 ipse

80 1334 318 1383 paraverat
345 1320 507 1367 ducere
522 1354 535 1377 ,
552 1320 612 1364 ita
636 1332 682 1366 ut
710 1319 962 1366 tetrastiche
984 1318 1131 1378 fieret,
1155 1333 1203 1366 ut
1221 1336 1371 1367 autern

81 1392 158 1439 alii
191 1392 376 1449 dicunt,
407 1391 797 1455 pentastiche:·ita
824 1407 873 1439 ut
910 1393 1079 1454 primus
1110 1394 1227 1440 ordo
1259 1394 1372 1455 pilas

80 1465 291 1523 haberet,
319 1468 370 1513 &
405 1478 508 1512 ante
538 1465 580 1510 se
610 1465 844 1512 columnas
871 1483 972 1513 cum
1004 1466 1179 1522 statuis;
1207 1466 1370 1513 secun-

83 1539 165 1584 dus
194 1539 245 1585 &
274 1538 460 1593 terrina,
491 1540 539 1584 δι
571 1538 782 1600 deinceps
814 1541 874 1582 διαὶ
899 1542 1094 1597 τεσσέρων
1118 1539 1369 1588 columnas.

83 1612 289 1673 Longum
313 1610 373 1658 est
396 1609 490 1671 ejus
513 1612 669 1658 cunila
700 1609 746 1656 in
772 1611 920 1658 literas
947 1613 1146 1660 mittere:
1169 1628 1269 1676 quae
1290 1612 1370 1676 qui

83 1683 213 1730 volet
239 1683 375 1741 scire,
395 1684 509 1746 legat
529 1682 774 1730 Palfurium
802 1686 960 1731 Suram
975 1722 986 1740 ‚
1005 1686 1080 1747 qni
1100 1684 1368 1747 ephemeriq

83 1753 159 1799 das
186 1752 280 1814 ejus
308 1753 414 1802 vitae
435 1755 707 1818 composuit.
731 1755 830 1801 Nos
853 1757 908 1803 ad
927 1755 1191 1805 Saloninum
1212 1772 1368 1805 rever-

81 1838 243 1875 tamur.
1105 1836 1107 1838 ’
1220 1835 1224 1839 ⁴

173 2434 341 2499 Scriptt.
375 2437 438 2484 H.
472 2439 531 2485 A.
571 2441 668 2486 Vol.
699 2439 765 2487 II,
1022 2438 1069 2484 G
