1714 2807
332 159 422 218 846
538 154 1416 203 AEthsPARTtANt

325 256 595 316 contendit,
624 257 882 306 cedentibus
909 258 987 306 fibi
1016 261 1210 318 ciirnffis,
1240 277 1504 325 quacunque
1526 260 1610 309 iter

325 335 461 382 fecit:
487 349 589 380 cum
624 333 709 392 jam
747 333 976 398 Illyricani
1014 335 1234 383 exercitus
1270 339 1318 383 ὅ(
1359 337 1613 398 Gallicani,

326 406 594 468 cogentibus
625 405 836 462 ducibus,
866 406 910 452 in
943 406 1038 467 ejus
1067 409 1203 454 verba
1237 407 1453 469 jurassent.
1481 409 1611 456 exci-

325 481 531 543 piebatur
554 479 673 527 enim
706 480 761 526 ab
791 482 1030 539 omnibus,
1052 483 1172 544 quasi
1203 482 1326 528 ultor
1358 483 1612 531 Pertinacis.

326 555 414 601 Per
453 554 569 602 idem
596 567 796 615 tempus,
829 555 1008 600 austere
1034 556 1236 613 Juliano‚
1266 557 1502 618 Septimius
1534 558 1610 602 Se-

329 642 464 675 verus
483 644 505 672 a
527 627 688 672 Senatu
710 626 846 673 hostis
868 627 927 672 est
955 627 1223 689 appellatus,
1244 627 1396 690 legatis
1415 629 1468 673 ad
1487 645 1611 674 exer-

329 699 471 748 citum
491 701 675 745 Senatus
696 699 846 744 verbis
873 698 1006 745 miffis
1020 735 1032 753 ‚
1052 699 1127 760 qui
1153 699 1356 758 juberent
1377 736 1389 756 ‚
1409 712 1460 745 ut
1480 700 1535 745 ab
1554 716 1612 746 eo

328 770 492 818 milites
519 771 682 817 Senatu
708 770 998 831 praecipiente
1019 770 1307 817 discederent.
1341 772 1395 816 Et
1423 772 1614 817 Severus

327 842 536 905 quidem,
566 859 667 889 cum
699 842 879 888 audisset
907 844 1091 888 Senatus
1116 842 1437 888 consentientis
1458 843 1613 888 ausie-

333 916 467 962 ritate
496 915 647 962 miffos
686 916 877 978 legatos,
912 915 1061 978 primo
1099 915 1352 977 pertimuit:
1384 916 1532 978 postea
1570 917 1615 962 id

326 986 418 1048 egit
435 985 659 1047 corruptis
688 985 865 1047 legatis,
892 998 938 1030 ut
960 985 1074 1046 apud
1095 986 1339 1032 exercitum
1367 1002 1449 1048 pro
1475 987 1515 1032 se
1543 987 1615 1032 lo-

329 1073 603 1120 querentur,
625 1061 949 1122 transirentque
979 1061 1024 1106 in
1055 1060 1146 1120 ejus
1182 1073 1338 1122 partes.
1375 1061 1454 1107 His
1486 1077 1616 1108 com-

330 1133 470 1195 pertis
489 1131 714 1187 ,Julianus
739 1132 1164 1178 senatusconsultum
1194 1132 1300 1180 fecit
1331 1131 1424 1178 fieri
1443 1133 1495 1178 de
1514 1150 1616 1194 par-

331 1206 564 1266 ticipando
591 1206 781 1267 imperio
801 1223 901 1252 cum
923 1208 1120 1253 Severo:
1149 1208 1369 1254 incertum
1386 1243 1398 1265 ,
1423 1225 1527 1254 vere
1546 1209 1617 1264 id,

333 1295 390 1326 an
416 1279 525 1326 dolo
542 1278 718 1334 fecerit3
741 1296 840 1325 cum
867 1278 952 1338 jam
975 1292 1076 1325 ante
1101 1279 1272 1326 misisset
1294 1293 1428 1327 notos
1456 1281 1615 1326 ducum

333 1350 642 1398 interfefitores
674 1351 918 1413 quosdam,
959 1353 1035 1414 qui
1072 1352 1286 1398 Severum
1335 1353 1620 1409 occiderent,

332 1424 395 1471 ita
416 1439 464 1470 ut
494 1426 546 1470 ad
573 1425 857 1471 Pescennium
891 1425 1081 1487 Nigrum
1111 1423 1465 1472 interficiendum
1493 1424 1620 1471 mise-

333 1510 428 1545 rat:
458 1497 533 1557 qui
564 1499 610 1542 δέ
644 1496 732 1558 ipse
763 1497 996 1558 imperium
1031 1510 1187 1544 contra
1219 1515 1318 1544 eum
1349 1497 1619 1559 susceperat,

334 1572 592 1620 austoribus
605 1572 800 1635 Syriacis
813 1571 1096 1617 exercitibus.
1112 1575 1275 1617 Verum
1291 1570 1478 1616 Severus
1496 1606 1507 1627 ,
1525 1571 1621 1616 evi-

334 1645 436 1692 tatis
472 1661 629 1690 eorum
666 1645 900 1700 manibus,
935 1660 1051 1706 quos
1090 1645 1144 1690 ad
1182 1644 1222 1690 se
1262 1641 1619 1689 interficiendum

337 1717 537 1765 Julianus
568 1715 760 1771 miserat,
787 1718 918 1762 miffis
959 1717 1010 1762 ad
1046 1717 1342 1778 praetorianos
1373 1716 1535 1768 literis,
1568 1715 1622 1760 si-

337 1806 475 1853 gnum
499 1789 570 1834 vel
599 1789 823 1835 deserendi
849 1789 920 1836 vel
939 1789 1174 1835 occidendi
1193 1789 1350 1836 Juliani
1375 1788 1514 1843 dedit,
1538 1788 1622 1834 sta-

337 1862 436 1907 tim‘,
456 1875 508 1906 ue
537 1861 709 1906 auditus
733 1861 806 1907 est.
840 1878 937 1907 nam
971 1865 1018 1909 &
1047 1862 1243 1909 Julianus
1286 1860 1458 1908 occisus
1488 1860 1548 1906 est
1576 1862 1621 1906 in

337 1933 534 1988 Palatio,
568 1934 614 1979 &
651 1934 841 1980 Severus
878 1936 1067 1980 Romam
1107 1935 1336 1981 invitatus.
1374 1937 1457 1989 Ita,
1499 1936 1622 1994 quod

337 2006 445 2053 nulli
472 2022 664 2067 unquam
697 2007 913 2069 contigit,
936 2021 1045 2053 nutu
1068 2020 1235 2054 tantiam
1262 2007 1450 2052 Severus
1479 2008 1625 2053 vietor

338 2079 402 2126 est
421 2078 582 2131 taetus,
608 2080 889 2143 armatusque
919 2082 1110 2126 Romam
1143 2081 1390 2126 contendit.

426 2154 501 2197 VI.
529 2151 692 2199 Occiso
719 2153 922 2207 JulianO.
955 2171 1054 2200 cum
1085 2156 1272 2200 Severus
1307 2155 1349 2200 in
1390 2153 1540 2200 castris
1574 2153 1623 2200 &

342 2223 570 2277 tentoriis,
603 2224 721 2285 quasi
751 2241 829 2285 per
861 2225 1079 2271 hosticum
1114 2227 1326 2281 veniens,
1359 2227 1499 2271 adhuc
1532 2242 1624 2271 ma-

343 2311 690 2353 neret‚centum
734 2300 967 2345 Senatores
1003 2299 1169 2361 legatos
1205 2300 1256 2343 ad
1301 2316 1400 2344 eum
1442 2300 1626 2344 Senatus

343 2368 457 2414 misit
482 2369 533 2413 ad
568 2369 873 2431 gratulandum
907 2371 1271 2433 rogantiumque:
1297 2370 1372 2431 qui
1395 2370 1434 2415 ei
1466 2387 1623 2416 occur-

343 2454 496 2485 rerunt
533 2442 820 2498 interamnae,
864 2455 1198 2503 armatumque,
1239 2442 1624 2490 circumstantibus
