1637 2785
307 98 652 145 Av1D1Us
706 99 1050 147 cAssms.
1255 119 1312 166 93

47 206 235 268 respexit
249 206 539 262 ‚'vestimenta
559 207 707 265 etiam,
723 211 770 256 ὅ(
784 210 1096 267 calceamenta,
1119 213 1167 258 &
1187 229 1316 259 ocre-

46 276 120 325 as':
156 278 332 325 delicias
366 295 524 325 omnes
562 279 614 325 de
647 278 793 326 castris
827 281 1079 329 submovit:
1111 283 1322 348 juffitque

43 367 124 398 eos
147 351 332 397 hiemem
352 350 427 396 sub
449 351 636 413 pellibus
655 368 807 414 agere,
822 353 899 398 nisi
921 355 1196 415 corrigerent
1215 362 1320 406 {uos

44 438 215 468 mores:
243 423 291 469 &
324 421 533 484 egissent,
561 423 640 470 nifi
672 424 899 470 honestius
931 425 1151 474 vixissent.
1180 432 1320 476 Exer-

44 494 197 541 citium
239 494 410 557 septimi
441 496 527 542 diei
563 495 644 542 fuit
674 497 878 543 omnium
916 499 1133 555 militum,
1167 501 1224 546 ita
1270 515 1322 549 ut

44 569 216 631 sagittas
236 569 461 617 mitterent
477 607 491 628 ‚
511 572 559 618 &
577 571 710 617 armis
732 571 949 619 luderent.
967 574 1162 619 Dicebat
1183 575 1319 630 enim,

43 645 228 702 nnfirum
257 642 354 707 effi,
381 663 471 690 cum
498 660 770 690 exercerentur
797 648 981 701 athletae,
1015 664 1252 705 venatores,
1273 646 1316 693 δ’

41 720 322 779 gladiatores,
363 712 448 765 norz
487 723 660 765 exerceri
691 721 871 765 milites:
905 722 1050 779 quibus
1081 724 1217 766 minor
1253 723 1322 782 es-

31 792 98 851 set
123 792 298 850 futurus
328 796 472 851 labor,
498 794 548 857 st
578 794 790 854 consuetus
824 793 924 857 effic.
959 794 1080 856 Ergo
1118 796 1317 841 comedia

42 864 269 926 disciplina
284 899 298 921 ,
317 865 430 911 &in
449 865 672 922 Armenia,
697 867 745 913 &
769 865 813 911 in
832 865 1012 923 Arabia,
1033 867 1080 912 &
1106 865 1151 911 in
1169 866 1318 929 AEgy-

42 949 122 996 pto
156 952 223 981 res
250 936 420 997 optime
457 937 605 1000 geffit:
640 937 897 1000 amatusque
932 937 992 983 est
1023 937 1078 983 ab
1107 939 1319 985 omnibus

41 1008 348 1056 Orientalibus
365 1046 378 1068 ,
400 1012 449 1058 &
472 1010 694 1072 speciatim
725 1012 778 1057 ab
811 1010 1186 1059 Antiochensibus
1203 1046 1216 1067 ‚
1237 1013 1316 1074 qui

40 1079 172 1125 etiam
196 1080 386 1143 imperio
411 1080 503 1142 ejus
533 1081 878 1138 consenserunt,
903 1093 952 1128 ut
981 1082 1116 1129 docet
1145 1083 1317 1129 Marius

39 1151 263 1199 Maximus
294 1153 340 1199 in
371 1153 465 1200 vita
492 1154 607 1201 Divi
639 1154 794 1202 Marci.
827 1155 942 1201 Nam
972 1171 1075 1202 cum
1109 1155 1317 1203 Bucolici

5 1239 10 1243 ·
38 1223 198 1272 milites
219 1242 296 1287 per
315 1227 562 1290 AEgyptum
580 1227 728 1289 gravia
747 1227 887 1273 multa
911 1226 1134 1284 facerent,
1153 1228 1206 1273 ab
1226 1228 1315 1275 hoc

38 1297 169 1344 retusi
186 1298 309 1358 sunt,
331 1313 378 1345 ut
397 1299 513 1346 idem
536 1299 705 1346 Marius
724 1298 944 1346 Maximus
962 1299 1097 1346 refert
1117 1292 1162 1346 in
1183 1317 1238 1346 eo
1257 1301 1315 1348 li-

37 1371 147 1431 bro,
162 1390 293 1437 quem
316 1373 554 1422 secundum
581 1375 634 1422 de
654 1375 747 1422 vita
764 1374 902 1421 Marci
922 1373 1142 1421 Antonini
1162 1375 1314 1423 edidit.

101 1447 196 1495 Vll.
222 1446 308 1493 Hic
338 1448 656 1508 Imperatorem
691 1446 732 1493 se
759 1445 805 1492 in
829 1445 1018 1493 Oriente
1040 1447 1313 1508 appellavit,

37 1530 85 1564 ut
110 1517 288 1580 quidam
317 1519 501 1577 dicunt,
533 1519 733 1566 Faustina
763 1519 983 1577 volente,
1011 1535 1110 1582 quae
1141 1520 1312 1566 valetu-

35 1594 128 1639 ‹lini
159 1595 302 1643 Marci
330 1594 417 1656 jam
446 1595 699 1652 diffidebat,
719 1596 768 1642 &
796 1594 1006 1650 timebat,
1036 1609 1091 1639 ne
1123 1592 1313 1641 infantes

36 1664 296 1723 filios-tueri
330 1664 421 1712 sola
453 1682 546 1711 non
577 1665 746 1727 poffet,
777 1678 909 1727 atque
940 1663 1099 1725 aliquis
1134 1663 1311 1710 exfiste·

36 1752 125 1798 ret,
154 1739 260 1801 qui,
296 1752 423 1801 capta
462 1739 647 1784 statione
682 1738 827 1801 regia,
856 1735 1048 1784 infantes
1078 1737 1131 1782 de
1160 1737 1313 1783 medio

35 1811 228 1859 tolleret.
260 1812 351 1858 Alii
381 1824 527 1858 autem
566 1812 751 1868 dicunt,
772 1811 887 1857 hanc
906 1823 1044 1856 artem
1069 1809 1312 1857 adhibuiffe

33 1887 247 1934 militibus
279 1889 328 1935 &
355 1886 711 1949 provincialibus
745 1885 938 1931 Caffium
974 1898 1131 1932 contra
1165 1884 1311 1931 Marci

34 1974 325 2021 amorem,ut
365 1959 445 2006 fibi
481 1960 621 2023 posset
657 1958 925 2017 consentiri,
949 1958 1073 2020 quod
1113 1956 1308 2015 diceret,

35 2037 234 2083 Marcum
267 2036 382 2082 diem
416 2034 540 2081 suum
576 2033 745 2080 obiisse.
781 2034 894 2078 Nam
927 2034 977 2079 &
1009 2034 1175 2077 Divum
1204 2047 1310 2077 eum

34 2108 266 2171 appellaffe
293 2107 482 2164 dicitur,
506 2119 555 2152 ut
585 2105 847 2152 desiderium
879 2104 1001 2150 illius
1032 2104 1206 2151 leniret.
1224 2105 1310 2148 Im-

34 2180 263 2243 peratorio
290 2180 474 2226 nomine
504 2196 604 2225 cum
638 2177 931 2240 proceffiffet,
961 2193 1088 2233 eum,
1115 2176 1191 2238 qui
1229 2175 1308 2221 fibi

35 2264 262 2316 aptaverat
289 2263 550 2299 ornamenta
571 2251 717 2314 regia,
738 2250 878 2296 statim
910 2249 1164 2312 praefeEfflm
1191 2265 1308 2309 prae-

34 2327 140 2374 torii
162 2326 294 2382 fecit;
319 2325 393 2388 qui
426 2328 474 2372 &
497 2324 586 2388 ipse
617 2324 792 2371 occisus
813 2324 873 2370 est
891 2358 904 2380 ,
923 2322 1162 2370 Antonino
1189 2319 1308 2366 invi-

34 2413 109 2458 to,
128 2400 184 2448 ab
208 2400 432 2449 exercitu:
453 2400 529 2465 qui
559 2401 608 2448 &
642 2398 932 2454 Maecianum,
962 2395 1035 2444 cui
1060 2408 1154 2442 erat
1178 2406 1308 2442 com-j
