1637 2785
286 123 549 171 DIVUS
597 122 1147 171 AURELIANUS.
1287 122 1376 186 189

85 231 235 297 ptivas
257 232 528 280 constituere
543 268 556 290 ,
574 231 747 278 vitibus
765 244 944 277 montes
962 231 1196 277 conserere
1209 267 1222 289 ‚
1242 243 1379 294 atque

85 321 143 353 ex
172 321 228 352 eo
255 322 394 367 opere
426 305 585 352 vinum
619 305 748 359 dare,
777 317 827 350 ut
852 304 960 351 nihil
997 305 1216 350 redituum
1250 303 1381 352 fiscus

85 377 331 441 acciperet,
358 377 428 424 sed
459 391 607 424 totum
643 378 816 440 populo
848 379 1061 424 Romano
1094 378 1381 426 concederet.

87 452 211 497 Fafia
243 461 337 496 erat
370 450 488 498 ratio
517 451 677 514 dogae,
704 467 946 511 cuparum,
975 450 1159 496 navium
1184 452 1233 497 &
1264 466 1381 511 ope-

87 539 202 569 rum.
236 521 309 568 sed
342 522 469 569 multi
498 522 677 579 dicunt,
706 521 1024 578 Aurelianum,
1045 538 1099 568 ne
1121 522 1165 571 id
1185 521 1381 582 faceret,

85 607 399 657 praeventum;
433 595 507 642 alii
538 613 561 642 a
589 595 808 642 Praefeffl)
841 595 1043 656 praetorii
1075 594 1138 641 sui
1173 596 1382 656 prohibi-

85 679 183 717 tum
198 705 210 727 ,
236 669 313 732 qui
335 669 489 717 dixisse
518 668 682 727 fertur,
702 673 755 716 Si
775 667 818 716 C«
837 671 982 714 vinum
997 672 1155 730 populo
1181 670 1382 716 Romano

86 746 262 802 damus,
271 745 481 809 superest,
499 759 546 789 ut
562 733 606 789 ,ἃ
634 747 778 804 pullos
802 740 844 788 δ’
863 743 1026 803 anseres
1050 744 1204 788 demus.
1224 744 1383 804 Argu.-

87 829 247 878 mento
280 817 374 874 est,
405 817 450 863 id
492 833 599 863 vere
633 815 924 862 Aurelianum
948 812 1202 877 cogitasse,
1237 813 1384 861 immo

88 889 220 937 etiam
258 888 404 937 facere
433 888 717 952 disposuisse,
739 890 813 936 vel
843 906 898 936 ex
918 889 1065 951 aliqua
1096 903 1220 950 parte
1249 885 1385 935 fecis·

90 963 167 1021 se,
200 964 324 1026 quod
356 962 400 1009 in
441 962 693 1027 porticibus
724 963 880 1026 templi
912 963 1028 1010 Solis
1073 961 1237 1009 fiscalia
1277 961 1386 1008 vina

91 1049 347 1098 ponuntur,
376 1053 470 1082 non
498 1037 685 1100 gratuita
713 1036 892 1099 populo
917 1036 1170 1099 eroganda,
1192 1034 1266 1094 ,sed
1286 1050 1385 1096 pre-

89 1110 176 1158 tio,
203 1111 446 1157 Sciendum
475 1122 652 1168 tamen,
677 1109 905 1173 congiaria
934 1109 1061 1155 illum
1099 1123 1166 1156 ter
1191 1107 1385 1166 dedisse,

90 1185 273 1232 donasse
305 1185 438 1232 etiam
475 1185 648 1247 populo
680 1185 896 1230 Romano
930 1181 1102 1229 tunicas
1135 1181 1256 1228 albas
1287 1197 1384 1227 ma·

91 1257 258 1303 nicatas
282 1274 338 1304 ex
357 1257 539 1304 diversis
563 1255 844 1319 provinciis,
863 1256 912 1302 δι
937 1254 1077 1301 lineas
1102 1253 1233 1301 Afras
1252 1266 1386 1316 atque

91 1327 330 1392 AEgyptias
358 1344 514 1389 puras:
538 1326 776 1390 ipsumque
805 1327 997 1388 primum
1029 1325 1210 1372 donaffe
1235 1324 1386 1372 oraria

90 1402 268 1464 populo
297 1403 539 1460 Romano,
566 1400 729 1464 quibus
768 1412 968 1447 uteretur
998 1399 1197 1461 populus
1235 1398 1291 1444 ad
1323 1395 1385 1443 fa·

91 1488 288 1521 vorem.-

81 1577 86 1580 -
156 1547 322 1593 XLIX.
345 1545 625 1608 Displicebat
647 1544 713 1603 ei,
732 1561 834 1592 cum
855 1543 959 1591 effet
983 1544 1170 1596 Romae,
1187 1541 1386 1590 habitare

92 1617 139 1666 in
169 1619 342 1665 Palatio
362 1655 376 1676 ,
402 1636 453 1668 ac
483 1620 623 1683 magis
652 1617 856 1681 placebat
892 1618 937 1663 in
976 1617 1120 1664 hortis
1160 1617 1388 1675 Sallustii,

90 1693 170 1741 vel
201 1693 246 1739 in
275 1692 498 1739 Domitiae
531 1692 706 1738 vivere.
733 1690 1037 1736 Miliarensem
1058 1689 1252 1754 denique
1278 1706 1386 1752 por-

93 1764 236 1812 ticum
264 1765 312 1811 in
343 1765 485 1812 hortis
517 1764 709 1812 Sallustii
736 1763 954 1818 ornavit,
982 1763 1029 1809 in
1058 1779 1147 1826 qua
1178 1762 1387 1825 quotidie

93 1841 144 1888 &
175 1856 319 1902 equos
349 1841 398 1888 &
424 1840 464 1886 se
491 1839 728 1903 fatigabat,
755 1838 964 1902 quamvis
990 1837 1095 1884 effer
1123 1853 1219 1884 non
1251 1838 1389 1883 bonae

93 1911 384 1960 valetudinis.
420 1913 589 1959 Servos
619 1914 668 1960 &
698 1910 927 1957 ministros
960 1923 1203 1972 peccantes
1231 1925 1399 1969 coram

93 1986 138 2034 se
159 1987 269 2034 caedi
287 1985 498 2048 jubebam
525 1999 573 2033 ut
595 1985 797 2050 plerique
820 1985 977 2032 dicunt
994 2020 1009 2044 ,
1034 1984 1163 2032 causa
1181 1984 1389 2030 tenendae

93 2061 382 2117 severitatis;
415 2074 464 2108 ut
504 2061 607 2119 alii,
645 2060 794 2107 studio
837 2059 1126 2108 crudelitatis.
1165 2057 1389 2104 Ancillam

96 2137 235 2194 suam,
254 2154 355 2200 quae
375 2136 645 2183 adulterium
666 2153 766 2182 cum
784 2134 917 2181 servo
939 2133 1020 2180 suo
1041 2132 1225 2188 fecerat,
1244 2130 1390 2191 capite

96 2210 298 2273 punivit.
329 2209 506 2256 Multos
536 2209 688 2256 servos
717 2225 739 2254 e
766 2206 933 2253 familia
954 2206 1164 2268 propria,
1186 2204 1260 2264 qui
1283 2219 1389 2264 pec·

96 2296 311 2331 caverant
327 2319 340 2340 ‚
369 2283 540 2346 legibus
563 2282 813 2329 audiendos
842 2279 1020 2339 judiciis
1042 2278 1233 2339 publicis
1255 2277 1390 2322 dedit.

97 2358 306 2404 Senatum
325 2392 338 2414 ,
363 2357 457 2403 five
479 2355 731 2402 senaculum
748 2391 763 2411 ,
785 2352 1002 2399 matronis
1017 2351 1142 2396 reddi
1160 2350 1389 2396 voluerat:

98 2430 158 2479 ita
185 2444 233 2478 ut
264 2428 418 2494 primae
445 2427 568 2488 illic,
597 2443 700 2492 quae
726 2425 974 2475 sacerdotia
1011 2425 1177 2472 Senatu
1205 2423 1388 2472 auctore
