1714 2807
315 157 386 204 44

392 474 1529 574 G43RD1Aw<Us

633 715 1264 814 JUNIOR

707 944 1199 970 ——--——.—--‚

306 1132 457 1180 XVII.
495 1092 647 1179 HIC
679 1130 905 1179 Gordiani
930 1132 1069 1192 senis,
1090 1132 1378 1180 proconsulis
1400 1132 1562 1182 Africae
1585 1145 1601 1195 ‚‘

305 1203 450 1264 filius,
477 1207 553 1268 qui
588 1224 688 1253 cum
717 1220 840 1268 patre
864 1209 912 1254 δι’
935 1209 989 1254 ab
1025 1208 1142 1255 Afris
1171 1209 1221 1257 &
1256 1225 1278 1255 a
1309 1210 1470 1256 Senatu
1502 1213 1601 1256 Au-

305 1279 456 1341 gustus
480 1281 723 1342 appellatus
751 1278 811 1326 est
830 1321 841 1336 ,
869 1280 1006 1327 literis
1036 1283 1086 1328 &
1117 1282 1320 1328 moribus
1347 1282 1490 1330 clarus
1514 1281 1601 1331 fuit

305 1364 471 1413 praeter
502 1353 809 1399 nobilitatem:
842 1370 974 1415 quam
994 1389 1005 1410 ,
1035 1366 1086 1399 ut
1117 1354 1351 1410 nonnulli,
1373 1355 1429 1399 ab
1449 1358 1600 1401 Anto—

299 1424 447 1481 ninis,
477 1438 525 1471 ut
551 1425 761 1486 plurimi,
791 1426 846 1471 ab
872 1426 1087 1473 Antoniis
1110 1427 1245 1473 duxit.
1273 1426 1501 1488 Siquidem
1529 1443 1600 1472 ar·

300 1511 521 1560 gumento
548 1498 600 1544 ad
623 1499 901 1560 probandam
926 1498 1099 1561 generis
1125 1498 1384 1561 qualitatem
1407 1498 1481 1544 alii
1509 1498 1602 1547 hoc

297 1571 387 1618 effe
407 1571 617 1618 dixerunt
632 1607 646 1630 ‚
665 1571 790 1633 quod
814 1572 1052 1629 Africanus
1071 1571 1332 1618 Gordianus
1353 1571 1501 1617 senior
1521 1587 1601 1633 ap·
1660 1615 1661 1618 ,

299 1643 487 1706 pellatus
516 1644 602 1702 est,
633 1646 910 1706 cognomine
938 1644 1234 1706 Scipionum,
1258 1644 1381 1705 quod
1412 1643 1601 1690 domum

299 1716 620 1778 Pompeianam
649 1716 695 1762 in
727 1717 853 1764 Urbe
883 1716 1062 1773 habuit,
1102 1717 1228 1779 quod
1258 1715 1600 1763 Antoninorum

297 1789 578 1851 cognomine
606 1788 775 1851 semper
797 1789 858 1835 est
884 1802 1190 1851 nuncupatus,
1209 1789 1334 1852 quod
1357 1792 1598 1835 Antonium

295 1861 441 1908 filium
474 1863 600 1908 suum
631 1863 721 1924 ipse
744 1860 978 1926 significari
1010 1862 1163 1909 voluit
1193 1863 1239 1908 in
1272 1863 1464 1908 Senatu:
1493 1878 1598 1924 quae

296 1936 467 2000 fingula
493 1937 708 1983 videntur
729 1936 917 1983 familias
939 1936 1179 2000 designare.
1206 1937 1291 1982 Sed
1310 1952 1395 1999 ego
1413 1935 1598 1983 lunium

294 2009 500 2055 Cordum
524 2009 712 2072 sequor,
745 2010 822 2072 qui
849 2009 984 2067 dicit,
1009 2026 1065 2055 ex
1087 2009 1299 2055 omnibus
1332 2008 1399 2054 his
1418 2006 1600 2055 familiis

294 2081 645 2146 Gordianorum·
661 2081 875 2128 coaluiss‘e
902 2081 1199 2126 nobilitatem.
1221 2082 1342 2125 Idem
1360 2079 1494 2142 igitur
1517 2096 1596 2126 na-

295 2165 367 2200 tus
399 2155 511 2216 patri
543 2154 710 2217 primus
731 2171 786 2200 ex
809 2155 937 2201 Fabia
957 2154 1197 2209 Orestilla,
1229 2153 1455 2200 Antonini
1485 2169 1596 2215 pro-

296 2238 462 2288 nepte:
491 2228 609 2272 unde
634 2226 862 2274 Caesarum
885 2243 1068 2289 quoque
1090 2225 1302 2272 familiam
1329 2226 1595 2287 contingere

295 2300 550 2347 videbatur.
579 2302 635 2347 Et
664 2299 820 2363 primis
860 2300 1016 2347 diebus
1053 2299 1117 2346 sui
1150 2299 1306 2345 natalis
1335 2302 1592 2345 Antoninus

296 2373 360 2420 est
397 2373 657 2436 appellatus.
674 2374 789 2419 Mox
816 2375 864 2419 in
891 2375 1051 2420 Senatu
1080 2372 1306 2420 Antonini
1331 2387 1498 2418 nomen
1527 2371 1591 2419 est

295 2446 497 2508 editum,
517 2445 659 2511 vulgo
680 2446 842 2496 deinde
860 2448 1122 2496 Gordianus
1142 2446 1294 2496 haberi
1314 2459 1508 2510 coeptus·
