<?xml version="1.0" encoding="UTF-8"?>
<!DOCTYPE html PUBLIC "-//W3C//DTD XHTML 1.0 Transitional//EN"
    "http://www.w3.org/TR/xhtml1/DTD/xhtml1-transitional.dtd">
<html xmlns="http://www.w3.org/1999/xhtml" xml:lang="en" lang="en">
 <head>
  <title>
</title>
<meta http-equiv="Content-Type" content="text/html;charset=utf-8" />
  <meta name='ocr-system' content='tesseract 3.04.00' />
  <meta name='ocr-capabilities' content='ocr_page ocr_carea ocr_par ocr_line ocrx_word'/>
</head>
<body>
  <div class='ocr_page' id='page_1' title='image "./historiaeaugusta00bipouoft_0207.png"; bbox 0 0 1637 2785; ppageno 0'>
   <div class='ocr_carea' id='block_1_1' title="bbox 305 145 1330 211">
    <p class='ocr_par' dir='ltr' id='par_1_1' title="bbox 305 145 1330 211">
     <span class='ocr_line' id='line_1_1' title="bbox 305 145 1330 211; baseline 0 -17"><span class='ocrx_word' id='word_1_1' title='bbox 305 145 600 194; x_wconf 80' lang='lat' dir='ltr'>DIDIUS</span> <span class='ocrx_word' id='word_1_2' title='bbox 649 148 1070 196; x_wconf 76' lang='lat' dir='ltr'>JUL1A-NUS.</span> <span class='ocrx_word' id='word_1_3' title='bbox 1242 163 1330 211; x_wconf 74' lang='lat'>¹39</span> 
     </span>
    </p>
   </div>
   <div class='ocr_carea' id='block_1_2' title="bbox 41 252 1348 2504">
    <p class='ocr_par' dir='ltr' id='par_1_2' title="bbox 41 252 1332 605">
     <span class='ocr_line' id='line_1_2' title="bbox 42 252 1331 310; baseline 0.001 -10"><span class='ocrx_word' id='word_1_4' title='bbox 42 252 159 300; x_wconf 89' lang='lat' dir='ltr'>enim</span> <span class='ocrx_word' id='word_1_5' title='bbox 197 252 408 309; x_wconf 81' lang='lat' dir='ltr'><strong>decebat,</strong></span> <span class='ocrx_word' id='word_1_6' title='bbox 438 264 514 310; x_wconf 90' lang='lat' dir='ltr'>ut,</span> <span class='ocrx_word' id='word_1_7' title='bbox 548 269 651 299; x_wconf 90' lang='lat' dir='ltr'>cum</span> <span class='ocrx_word' id='word_1_8' title='bbox 687 254 871 299; x_wconf 85' lang='lat' dir='ltr'>Senatus</span> <span class='ocrx_word' id='word_1_9' title='bbox 904 252 1076 301; x_wconf 79' lang='lat' dir='ltr'>hostem</span> <span class='ocrx_word' id='word_1_10' title='bbox 1115 255 1331 302; x_wconf 88' lang='lat' dir='ltr'>Severum</span> 
     </span>
     <span class='ocr_line' id='line_1_3' title="bbox 41 324 1330 389; baseline 0.001 -16"><span class='ocrx_word' id='word_1_11' title='bbox 41 326 200 373; x_wconf 82' lang='lat' dir='ltr'>Juliani</span> <span class='ocrx_word' id='word_1_12' title='bbox 240 325 363 373; x_wconf 90' lang='lat' dir='ltr'>causa</span> <span class='ocrx_word' id='word_1_13' title='bbox 389 324 644 385; x_wconf 73' lang='lat' dir='ltr'>judicasset,</span> <span class='ocrx_word' id='word_1_14' title='bbox 673 326 864 372; x_wconf 88' lang='lat' dir='ltr'>eundem</span> <span class='ocrx_word' id='word_1_15' title='bbox 897 327 1121 374; x_wconf 89' lang='lat' dir='ltr'>Julianum</span> <span class='ocrx_word' id='word_1_16' title='bbox 1151 343 1330 389; x_wconf 89' lang='lat' dir='ltr'>patere-</span> 
     </span>
     <span class='ocr_line' id='line_1_4' title="bbox 41 398 1330 459; baseline 0.001 -13"><span class='ocrx_word' id='word_1_17' title='bbox 41 412 113 446; x_wconf 85' lang='lat' dir='ltr'>tur</span> <span class='ocrx_word' id='word_1_18' title='bbox 143 398 365 446; x_wconf 85' lang='lat' dir='ltr'>infestum.</span> <span class='ocrx_word' id='word_1_19' title='bbox 396 401 548 459; x_wconf 86' lang='lat' dir='ltr'>Quare</span> <span class='ocrx_word' id='word_1_20' title='bbox 576 399 763 445; x_wconf 89' lang='lat' dir='ltr'>meliore</span> <span class='ocrx_word' id='word_1_21' title='bbox 796 398 991 446; x_wconf 77' lang='lat' dir='ltr'>consilio</span> <span class='ocrx_word' id='word_1_22' title='bbox 1029 401 1084 446; x_wconf 91' lang='lat' dir='ltr'>ad</span> <span class='ocrx_word' id='word_1_23' title='bbox 1119 402 1330 447; x_wconf 78' lang='lat' dir='ltr'>Senatum</span> 
     </span>
     <span class='ocr_line' id='line_1_5' title="bbox 44 468 1332 535; baseline 0.002 -19"><span class='ocrx_word' id='word_1_24' title='bbox 44 470 197 526; x_wconf 89' lang='lat' dir='ltr'>venit,</span> <span class='ocrx_word' id='word_1_25' title='bbox 219 470 435 533; x_wconf 84' lang='lat' dir='ltr'>petiitque</span> <span class='ocrx_word' id='word_1_26' title='bbox 450 505 462 527; x_wconf 94' lang='lat'><strong>‚</strong></span> <span class='ocrx_word' id='word_1_27' title='bbox 484 483 531 517; x_wconf 91' lang='lat' dir='ltr'>ut</span> <span class='ocrx_word' id='word_1_28' title='bbox 553 468 679 516; x_wconf 85' lang='lat' dir='ltr'>fieret</span> <span class='ocrx_word' id='word_1_29' title='bbox 709 469 1140 517; x_wconf 85' lang='lat' dir='ltr'>senatusconsultum</span> <span class='ocrx_word' id='word_1_30' title='bbox 1160 472 1214 519; x_wconf 90' lang='lat' dir='ltr'>de</span> <span class='ocrx_word' id='word_1_31' title='bbox 1233 489 1332 535; x_wconf 83' lang='lat' dir='ltr'>par-</span> 
     </span>
     <span class='ocr_line' id='line_1_6' title="bbox 41 540 1151 605; baseline 0.001 -17"><span class='ocrx_word' id='word_1_32' title='bbox 41 542 306 600; x_wconf 83' lang='lat' dir='ltr'>ticipatione</span> <span class='ocrx_word' id='word_1_33' title='bbox 334 541 524 603; x_wconf 87' lang='lat' dir='ltr'>imperii.</span> <span class='ocrx_word' id='word_1_34' title='bbox 553 542 677 605; x_wconf 87' lang='lat' dir='ltr'>quod</span> <span class='ocrx_word' id='word_1_35' title='bbox 700 541 844 589; x_wconf 84' lang='lat' dir='ltr'>statim</span> <span class='ocrx_word' id='word_1_36' title='bbox 879 540 1046 588; x_wconf 71' lang='lat' dir='ltr'>faftum</span> <span class='ocrx_word' id='word_1_37' title='bbox 1075 542 1151 589; x_wconf 84' lang='lat' dir='ltr'>est.</span> 
     </span>
    </p>

    <p class='ocr_par' dir='ltr' id='par_1_3' title="bbox 42 616 1348 2504">
     <span class='ocr_line' id='line_1_7' title="bbox 108 616 1334 680; baseline 0.002 -18"><span class='ocrx_word' id='word_1_38' title='bbox 108 618 203 662; x_wconf 90' lang='lat' dir='ltr'>Vll.</span> <span class='ocrx_word' id='word_1_39' title='bbox 236 617 369 663; x_wconf 88' lang='lat' dir='ltr'>Tunc</span> <span class='ocrx_word' id='word_1_40' title='bbox 399 633 535 664; x_wconf 90' lang='lat' dir='ltr'>omen</span> <span class='ocrx_word' id='word_1_41' title='bbox 554 652 567 673; x_wconf 95' lang='lat'>‚</span> <span class='ocrx_word' id='word_1_42' title='bbox 597 616 723 680; x_wconf 89' lang='lat' dir='ltr'>quod</span> <span class='ocrx_word' id='word_1_43' title='bbox 751 616 830 663; x_wconf 86' lang='lat' dir='ltr'>fibi</span> <span class='ocrx_word' id='word_1_44' title='bbox 863 616 1089 673; x_wconf 85' lang='lat' dir='ltr'>Julianus,</span> <span class='ocrx_word' id='word_1_45' title='bbox 1127 633 1229 664; x_wconf 88' lang='lat' dir='ltr'>cum</span> <span class='ocrx_word' id='word_1_46' title='bbox 1251 617 1334 665; x_wconf 88' lang='lat' dir='ltr'>im-</span> 
     </span>
     <span class='ocr_line' id='line_1_8' title="bbox 44 685 1335 753; baseline 0.002 -17"><span class='ocrx_word' id='word_1_47' title='bbox 44 690 215 752; x_wconf 89' lang='lat' dir='ltr'>perium</span> <span class='ocrx_word' id='word_1_48' title='bbox 245 685 494 753; x_wconf 84' lang='lat' dir='ltr'>acciperet,</span> <span class='ocrx_word' id='word_1_49' title='bbox 524 690 711 748; x_wconf 83' lang='lat' dir='ltr'>fecerat,</span> <span class='ocrx_word' id='word_1_50' title='bbox 739 690 950 738; x_wconf 85' lang='lat' dir='ltr'>omnibus</span> <span class='ocrx_word' id='word_1_51' title='bbox 979 690 1107 738; x_wconf 81' lang='lat' dir='ltr'>venit</span> <span class='ocrx_word' id='word_1_52' title='bbox 1128 690 1175 737; x_wconf 85' lang='lat' dir='ltr'>in</span> <span class='ocrx_word' id='word_1_53' title='bbox 1204 708 1335 738; x_wconf 87' lang='lat' dir='ltr'>men·</span> 
     </span>
     <span class='ocr_line' id='line_1_9' title="bbox 42 763 1335 827; baseline 0.001 -17"><span class='ocrx_word' id='word_1_54' title='bbox 42 776 148 811; x_wconf 90' lang='lat' dir='ltr'>tem.</span> <span class='ocrx_word' id='word_1_55' title='bbox 177 780 279 811; x_wconf 88' lang='lat' dir='ltr'>nam</span> <span class='ocrx_word' id='word_1_56' title='bbox 306 782 406 813; x_wconf 91' lang='lat' dir='ltr'>cum</span> <span class='ocrx_word' id='word_1_57' title='bbox 432 765 604 812; x_wconf 87' lang='lat' dir='ltr'>Consul</span> <span class='ocrx_word' id='word_1_58' title='bbox 633 764 882 827; x_wconf 77' lang='lat' dir='ltr'>designatus</span> <span class='ocrx_word' id='word_1_59' title='bbox 910 764 964 809; x_wconf 92' lang='lat' dir='ltr'>de</span> <span class='ocrx_word' id='word_1_60' title='bbox 985 780 1042 810; x_wconf 94' lang='lat' dir='ltr'>eo</span> <span class='ocrx_word' id='word_1_61' title='bbox 1071 763 1335 811; x_wconf 78' lang='lat' dir='ltr'>sententiam</span> 
     </span>
     <span class='ocr_line' id='line_1_10' title="bbox 43 836 1334 900; baseline 0.001 -18"><span class='ocrx_word' id='word_1_62' title='bbox 43 836 227 890; x_wconf 86' lang='lat' dir='ltr'>dicens,</span> <span class='ocrx_word' id='word_1_63' title='bbox 256 837 315 884; x_wconf 89' lang='lat' dir='ltr'>ita</span> <span class='ocrx_word' id='word_1_64' title='bbox 347 837 696 900; x_wconf 71' lang='lat' dir='ltr'>pronuntiasset,</span> <span class='ocrx_word' id='word_1_65' title='bbox 726 839 914 884; x_wconf 84' lang='lat' dir='ltr'>Didium</span> <span class='ocrx_word' id='word_1_66' title='bbox 945 838 1167 886; x_wconf 81' lang='lat' dir='ltr'>Iulianum</span> <span class='ocrx_word' id='word_1_67' title='bbox 1199 841 1334 898; x_wconf 76' lang='lat' dir='ltr'>Impe-</span> 
     </span>
     <span class='ocr_line' id='line_1_11' title="bbox 44 908 1338 974; baseline 0 -19"><span class='ocrx_word' id='word_1_68' title='bbox 44 925 215 955; x_wconf 77' lang='lat' dir='ltr'>ratorem</span> <span class='ocrx_word' id='word_1_69' title='bbox 247 913 545 971; x_wconf 81' lang='lat' dir='ltr'>appellandum</span> <span class='ocrx_word' id='word_1_70' title='bbox 567 908 640 974; x_wconf 75' lang='lat' dir='ltr'>effi</span> <span class='ocrx_word' id='word_1_71' title='bbox 670 911 806 970; x_wconf 64' lang='lat' dir='ltr'>censeo</span> <span class='ocrx_word' id='word_1_72' title='bbox 820 928 840 964; x_wconf 91' lang='lat'><em>;</em></span> <span class='ocrx_word' id='word_1_73' title='bbox 874 908 1070 955; x_wconf 81' lang='lat' dir='ltr'>Julianus</span> <span class='ocrx_word' id='word_1_74' title='bbox 1099 908 1302 972; x_wconf 86' lang='lat' dir='ltr'>suggeffit</span> <span class='ocrx_word' id='word_1_75' title='bbox 1323 944 1338 968; x_wconf 85' lang='lat'>‚</span> 
     </span>
     <span class='ocr_line' id='line_1_12' title="bbox 44 979 1338 1044; baseline 0.001 -18"><span class='ocrx_word' id='word_1_76' title='bbox 44 984 173 1026; x_wconf 76' lang='lat' dir='ltr'>Adde</span> <span class='ocrx_word' id='word_1_77' title='bbox 192 979 234 1028; x_wconf 65' lang='lat' dir='ltr'>G*</span> <span class='ocrx_word' id='word_1_78' title='bbox 261 986 454 1028; x_wconf 77' lang='lat' dir='ltr'>Severum</span> <span class='ocrx_word' id='word_1_79' title='bbox 473 1018 485 1036; x_wconf 84' lang='lat'>‚</span> <span class='ocrx_word' id='word_1_80' title='bbox 514 983 641 1044; x_wconf 87' lang='lat' dir='ltr'>quod</span> <span class='ocrx_word' id='word_1_81' title='bbox 665 993 1021 1044; x_wconf 86' lang='lat' dir='ltr'>cognomentum</span> <span class='ocrx_word' id='word_1_82' title='bbox 1049 980 1126 1026; x_wconf 82' lang='lat' dir='ltr'>avi</span> <span class='ocrx_word' id='word_1_83' title='bbox 1155 984 1203 1027; x_wconf 87' lang='lat'>&amp;</span> <span class='ocrx_word' id='word_1_84' title='bbox 1231 996 1338 1042; x_wconf 84' lang='lat' dir='ltr'>pro-</span> 
     </span>
     <span class='ocr_line' id='line_1_13' title="bbox 45 1052 1337 1115; baseline 0 -15"><span class='ocrx_word' id='word_1_85' title='bbox 45 1052 118 1100; x_wconf 86' lang='lat' dir='ltr'>avi</span> <span class='ocrx_word' id='word_1_86' title='bbox 159 1053 237 1100; x_wconf 84' lang='lat' dir='ltr'>fibi</span> <span class='ocrx_word' id='word_1_87' title='bbox 276 1053 474 1101; x_wconf 83' lang='lat' dir='ltr'>Julianus</span> <span class='ocrx_word' id='word_1_88' title='bbox 503 1052 767 1100; x_wconf 79' lang='lat' dir='ltr'>adsciverat.</span> <span class='ocrx_word' id='word_1_89' title='bbox 796 1054 909 1098; x_wconf 85' lang='lat' dir='ltr'>Sunt</span> <span class='ocrx_word' id='word_1_90' title='bbox 937 1064 1115 1110; x_wconf 87' lang='lat' dir='ltr'>tamen,</span> <span class='ocrx_word' id='word_1_91' title='bbox 1147 1052 1224 1115; x_wconf 84' lang='lat' dir='ltr'>qui</span> <span class='ocrx_word' id='word_1_92' title='bbox 1265 1053 1337 1100; x_wconf 90' lang='lat' dir='ltr'>di-</span> 
     </span>
     <span class='ocr_line' id='line_1_14' title="bbox 45 1124 1339 1182; baseline 0 -10"><span class='ocrx_word' id='word_1_93' title='bbox 45 1137 149 1172; x_wconf 91' lang='lat' dir='ltr'>cant</span> <span class='ocrx_word' id='word_1_94' title='bbox 166 1160 178 1182; x_wconf 94' lang='lat'>,</span> <span class='ocrx_word' id='word_1_95' title='bbox 196 1126 367 1172; x_wconf 87' lang='lat' dir='ltr'>nullum</span> <span class='ocrx_word' id='word_1_96' title='bbox 392 1125 517 1172; x_wconf 73' lang='lat' dir='ltr'>fuisse</span> <span class='ocrx_word' id='word_1_97' title='bbox 542 1124 706 1172; x_wconf 89' lang='lat' dir='ltr'>Juliani</span> <span class='ocrx_word' id='word_1_98' title='bbox 727 1124 961 1172; x_wconf 84' lang='lat' dir='ltr'>confilium</span> <span class='ocrx_word' id='word_1_99' title='bbox 984 1124 1038 1170; x_wconf 89' lang='lat' dir='ltr'>de</span> <span class='ocrx_word' id='word_1_100' title='bbox 1058 1125 1339 1172; x_wconf 89' lang='lat' dir='ltr'>obtruncan-</span> 
     </span>
     <span class='ocr_line' id='line_1_15' title="bbox 45 1196 1339 1256; baseline 0.002 -13"><span class='ocrx_word' id='word_1_101' title='bbox 45 1199 107 1243; x_wconf 91' lang='lat' dir='ltr'>do</span> <span class='ocrx_word' id='word_1_102' title='bbox 137 1199 300 1244; x_wconf 82' lang='lat' dir='ltr'>Senatu</span> <span class='ocrx_word' id='word_1_103' title='bbox 319 1234 332 1256; x_wconf 94' lang='lat'>‚</span> <span class='ocrx_word' id='word_1_104' title='bbox 361 1215 462 1246; x_wconf 91' lang='lat' dir='ltr'>cum</span> <span class='ocrx_word' id='word_1_105' title='bbox 493 1210 615 1245; x_wconf 83' lang='lat' dir='ltr'>tanta</span> <span class='ocrx_word' id='word_1_106' title='bbox 644 1198 690 1244; x_wconf 89' lang='lat' dir='ltr'>in</span> <span class='ocrx_word' id='word_1_107' title='bbox 726 1214 826 1244; x_wconf 89' lang='lat' dir='ltr'>eum</span> <span class='ocrx_word' id='word_1_108' title='bbox 847 1198 1034 1243; x_wconf 84' lang='lat' dir='ltr'>Senatus</span> <span class='ocrx_word' id='word_1_109' title='bbox 1063 1196 1339 1246; x_wconf 72' lang='lat' dir='ltr'>contulisset.</span> 
     </span>
     <span class='ocr_line' id='line_1_16' title="bbox 46 1268 1337 1319; baseline 0 -3"><span class='ocrx_word' id='word_1_110' title='bbox 46 1270 149 1316; x_wconf 90' lang='lat' dir='ltr'>Post</span> <span class='ocrx_word' id='word_1_111' title='bbox 183 1270 609 1319; x_wconf 83' lang='lat' dir='ltr'>senatusconsultum</span> <span class='ocrx_word' id='word_1_112' title='bbox 630 1269 772 1317; x_wconf 83' lang='lat' dir='ltr'>statim</span> <span class='ocrx_word' id='word_1_113' title='bbox 793 1269 960 1316; x_wconf 87' lang='lat' dir='ltr'>Didius</span> <span class='ocrx_word' id='word_1_114' title='bbox 982 1268 1177 1316; x_wconf 84' lang='lat' dir='ltr'>Julianus</span> <span class='ocrx_word' id='word_1_115' title='bbox 1198 1287 1337 1317; x_wconf 90' lang='lat' dir='ltr'>unum</span> 
     </span>
     <span class='ocr_line' id='line_1_17' title="bbox 47 1341 1340 1407; baseline -0.001 -17"><span class='ocrx_word' id='word_1_116' title='bbox 47 1359 103 1390; x_wconf 83' lang='lat' dir='ltr'>ex</span> <span class='ocrx_word' id='word_1_117' title='bbox 133 1341 380 1407; x_wconf 60' lang='lat' dir='ltr'>praefectis,</span> <span class='ocrx_word' id='word_1_118' title='bbox 410 1342 611 1390; x_wconf 87' lang='lat' dir='ltr'>Tullium</span> <span class='ocrx_word' id='word_1_119' title='bbox 642 1342 932 1406; x_wconf 84' lang='lat' dir='ltr'>Crispinum,</span> <span class='ocrx_word' id='word_1_120' title='bbox 968 1341 1097 1390; x_wconf 80' lang='lat' dir='ltr'>mifit.</span> <span class='ocrx_word' id='word_1_121' title='bbox 1132 1342 1223 1405; x_wconf 91' lang='lat' dir='ltr'>ipse</span> <span class='ocrx_word' id='word_1_122' title='bbox 1258 1359 1340 1389; x_wconf 83' lang='lat' dir='ltr'>au-</span> 
     </span>
     <span class='ocr_line' id='line_1_18' title="bbox 46 1414 1340 1479; baseline 0.001 -17"><span class='ocrx_word' id='word_1_123' title='bbox 46 1428 137 1463; x_wconf 89' lang='lat' dir='ltr'>tem</span> <span class='ocrx_word' id='word_1_124' title='bbox 165 1416 344 1463; x_wconf 79' lang='lat' dir='ltr'>tertium</span> <span class='ocrx_word' id='word_1_125' title='bbox 365 1414 470 1463; x_wconf 90' lang='lat' dir='ltr'>fecit</span> <span class='ocrx_word' id='word_1_126' title='bbox 486 1414 769 1479; x_wconf 60' lang='lat' dir='ltr'>praefectum,</span> <span class='ocrx_word' id='word_1_127' title='bbox 795 1415 1031 1462; x_wconf 87' lang='lat' dir='ltr'>Veturium</span> <span class='ocrx_word' id='word_1_128' title='bbox 1052 1416 1340 1473; x_wconf 78' lang='lat' dir='ltr'>Macrinum3</span> 
     </span>
     <span class='ocr_line' id='line_1_19' title="bbox 48 1486 1343 1551; baseline 0 -17"><span class='ocrx_word' id='word_1_129' title='bbox 48 1488 103 1535; x_wconf 89' lang='lat' dir='ltr'>ad</span> <span class='ocrx_word' id='word_1_130' title='bbox 133 1505 267 1551; x_wconf 86' lang='lat' dir='ltr'>quem</span> <span class='ocrx_word' id='word_1_131' title='bbox 299 1489 491 1535; x_wconf 81' lang='lat' dir='ltr'>Severus</span> <span class='ocrx_word' id='word_1_132' title='bbox 528 1487 677 1535; x_wconf 88' lang='lat' dir='ltr'>literas</span> <span class='ocrx_word' id='word_1_133' title='bbox 715 1486 921 1545; x_wconf 86' lang='lat' dir='ltr'>miserat,</span> <span class='ocrx_word' id='word_1_134' title='bbox 952 1500 1005 1533; x_wconf 90' lang='lat' dir='ltr'>ut</span> <span class='ocrx_word' id='word_1_135' title='bbox 1037 1486 1141 1534; x_wconf 76' lang='lat' dir='ltr'>esset</span> <span class='ocrx_word' id='word_1_136' title='bbox 1177 1486 1343 1549; x_wconf 83' lang='lat' dir='ltr'>praefe-</span> 
     </span>
     <span class='ocr_line' id='line_1_20' title="bbox 49 1561 1341 1624; baseline 0.001 -17"><span class='ocrx_word' id='word_1_137' title='bbox 49 1562 156 1609; x_wconf 68' lang='lat' dir='ltr'>clus.</span> <span class='ocrx_word' id='word_1_138' title='bbox 177 1563 259 1608; x_wconf 85' lang='lat' dir='ltr'>Sed</span> <span class='ocrx_word' id='word_1_139' title='bbox 286 1578 436 1624; x_wconf 90' lang='lat' dir='ltr'>pacem</span> <span class='ocrx_word' id='word_1_140' title='bbox 458 1561 700 1608; x_wconf 80' lang='lat' dir='ltr'>simulatam</span> <span class='ocrx_word' id='word_1_141' title='bbox 715 1597 729 1619; x_wconf 91' lang='lat'><strong>,</strong></span> <span class='ocrx_word' id='word_1_142' title='bbox 753 1573 1059 1624; x_wconf 88' lang='lat' dir='ltr'>tentatamque</span> <span class='ocrx_word' id='word_1_143' title='bbox 1080 1561 1247 1608; x_wconf 82' lang='lat' dir='ltr'>caedem</span> <span class='ocrx_word' id='word_1_144' title='bbox 1267 1561 1341 1608; x_wconf 84' lang='lat' dir='ltr'>Se-</span> 
     </span>
     <span class='ocr_line' id='line_1_21' title="bbox 51 1634 1342 1698; baseline -0.001 -16"><span class='ocrx_word' id='word_1_145' title='bbox 51 1635 152 1682; x_wconf 89' lang='lat' dir='ltr'>veri</span> <span class='ocrx_word' id='word_1_146' title='bbox 177 1635 335 1683; x_wconf 89' lang='lat' dir='ltr'>Tullio</span> <span class='ocrx_word' id='word_1_147' title='bbox 365 1635 580 1698; x_wconf 80' lang='lat' dir='ltr'>Crispino</span> <span class='ocrx_word' id='word_1_148' title='bbox 595 1672 608 1693; x_wconf 92' lang='lat'>,</span> <span class='ocrx_word' id='word_1_149' title='bbox 627 1634 844 1682; x_wconf 62' lang='lat' dir='ltr'>Praefefi&#39;to</span> <span class='ocrx_word' id='word_1_150' title='bbox 868 1635 1099 1697; x_wconf 75' lang='lat' dir='ltr'>praetorii,</span> <span class='ocrx_word' id='word_1_151' title='bbox 1117 1637 1167 1683; x_wconf 87' lang='lat'>&amp;</span> <span class='ocrx_word' id='word_1_152' title='bbox 1189 1652 1342 1698; x_wconf 88' lang='lat' dir='ltr'>popu-</span> 
     </span>
     <span class='ocr_line' id='line_1_22' title="bbox 50 1707 1344 1772; baseline -0.001 -18"><span class='ocrx_word' id='word_1_153' title='bbox 50 1707 118 1754; x_wconf 83' lang='lat' dir='ltr'>lus</span> <span class='ocrx_word' id='word_1_154' title='bbox 138 1708 318 1756; x_wconf 89' lang='lat' dir='ltr'>locutus</span> <span class='ocrx_word' id='word_1_155' title='bbox 345 1707 406 1755; x_wconf 88' lang='lat' dir='ltr'>est</span> <span class='ocrx_word' id='word_1_156' title='bbox 422 1744 435 1768; x_wconf 89' lang='lat'>‚</span> <span class='ocrx_word' id='word_1_157' title='bbox 459 1711 505 1756; x_wconf 72' lang='grc' dir='ltr'>δι</span> <span class='ocrx_word' id='word_1_158' title='bbox 536 1710 728 1755; x_wconf 85' lang='lat' dir='ltr'>Severus</span> <span class='ocrx_word' id='word_1_159' title='bbox 752 1707 1004 1770; x_wconf 83' lang='lat' dir='ltr'>suspicatus.</span> <span class='ocrx_word' id='word_1_160' title='bbox 1024 1709 1236 1772; x_wconf 87' lang='lat' dir='ltr'>Denique</span> <span class='ocrx_word' id='word_1_161' title='bbox 1256 1709 1344 1754; x_wconf 86' lang='lat' dir='ltr'>ho-</span> 
     </span>
     <span class='ocr_line' id='line_1_23' title="bbox 47 1779 1344 1845; baseline 0 -18"><span class='ocrx_word' id='word_1_162' title='bbox 47 1779 157 1827; x_wconf 79' lang='lat' dir='ltr'>stem</span> <span class='ocrx_word' id='word_1_163' title='bbox 184 1780 226 1828; x_wconf 92' lang='lat' dir='ltr'>se</span> <span class='ocrx_word' id='word_1_164' title='bbox 252 1781 429 1828; x_wconf 82' lang='lat' dir='ltr'>Juliano</span> <span class='ocrx_word' id='word_1_165' title='bbox 459 1782 654 1831; x_wconf 87' lang='lat' dir='ltr'>Severus</span> <span class='ocrx_word' id='word_1_166' title='bbox 676 1781 759 1828; x_wconf 81' lang='lat' dir='ltr'>effe</span> <span class='ocrx_word' id='word_1_167' title='bbox 789 1781 974 1840; x_wconf 88' lang='lat' dir='ltr'>maluit,</span> <span class='ocrx_word' id='word_1_168' title='bbox 1004 1798 1135 1845; x_wconf 90' lang='lat' dir='ltr'>quam</span> <span class='ocrx_word' id='word_1_169' title='bbox 1159 1780 1344 1843; x_wconf 85' lang='lat' dir='ltr'>partici-</span> 
     </span>
     <span class='ocr_line' id='line_1_24' title="bbox 50 1853 1346 1915; baseline 0.001 -16"><span class='ocrx_word' id='word_1_170' title='bbox 50 1869 153 1915; x_wconf 90' lang='lat' dir='ltr'>pem</span> <span class='ocrx_word' id='word_1_171' title='bbox 171 1889 184 1912; x_wconf 92' lang='lat'>,</span> <span class='ocrx_word' id='word_1_172' title='bbox 207 1853 425 1901; x_wconf 89' lang='lat' dir='ltr'>consensu</span> <span class='ocrx_word' id='word_1_173' title='bbox 445 1854 652 1901; x_wconf 86' lang='lat' dir='ltr'>militum.</span> <span class='ocrx_word' id='word_1_174' title='bbox 675 1855 862 1902; x_wconf 86' lang='lat' dir='ltr'>Severus</span> <span class='ocrx_word' id='word_1_175' title='bbox 888 1869 1037 1902; x_wconf 89' lang='lat' dir='ltr'>autem</span> <span class='ocrx_word' id='word_1_176' title='bbox 1058 1854 1200 1901; x_wconf 84' lang='lat' dir='ltr'>statim</span> <span class='ocrx_word' id='word_1_177' title='bbox 1220 1857 1268 1902; x_wconf 68' lang='grc' dir='ltr'>ὅ(</span> <span class='ocrx_word' id='word_1_178' title='bbox 1288 1853 1346 1900; x_wconf 88' lang='lat' dir='ltr'>ad</span> 
     </span>
     <span class='ocr_line' id='line_1_25' title="bbox 52 1925 1346 1997; baseline 0 -25"><span class='ocrx_word' id='word_1_179' title='bbox 52 1925 274 1989; x_wconf 86' lang='lat' dir='ltr'>plurimos</span> <span class='ocrx_word' id='word_1_180' title='bbox 301 1927 494 1997; x_wconf 54' lang='lat' dir='ltr'>Romam</span> <span class='ocrx_word' id='word_1_181' title='bbox 527 1926 724 1989; x_wconf 71' lang='lat' dir='ltr'>scripsit,</span> <span class='ocrx_word' id='word_1_182' title='bbox 746 1929 795 1974; x_wconf 83' lang='lat'><strong>&amp;</strong></span> <span class='ocrx_word' id='word_1_183' title='bbox 825 1927 1012 1974; x_wconf 89' lang='lat' dir='ltr'>occulto</span> <span class='ocrx_word' id='word_1_184' title='bbox 1044 1926 1158 1974; x_wconf 72' lang='lat' dir='ltr'>misit</span> <span class='ocrx_word' id='word_1_185' title='bbox 1176 1926 1346 1984; x_wconf 64' lang='lat' dir='ltr'>edicta,</span> 
     </span>
     <span class='ocr_line' id='line_1_26' title="bbox 52 1999 1345 2064; baseline 0.003 -21"><span class='ocrx_word' id='word_1_186' title='bbox 52 2015 154 2061; x_wconf 86' lang='lat' dir='ltr'>quae</span> <span class='ocrx_word' id='word_1_187' title='bbox 180 2000 412 2064; x_wconf 80' lang='lat' dir='ltr'>proposita</span> <span class='ocrx_word' id='word_1_188' title='bbox 439 1999 550 2047; x_wconf 84' lang='lat' dir='ltr'>sunt.</span> <span class='ocrx_word' id='word_1_189' title='bbox 582 1999 683 2047; x_wconf 86' lang='lat' dir='ltr'>Fuit</span> <span class='ocrx_word' id='word_1_190' title='bbox 715 2013 927 2062; x_wconf 84' lang='lat' dir='ltr'>praeterea</span> <span class='ocrx_word' id='word_1_191' title='bbox 958 2000 1004 2046; x_wconf 92' lang='lat' dir='ltr'>in</span> <span class='ocrx_word' id='word_1_192' title='bbox 1031 1999 1210 2048; x_wconf 84' lang='lat' dir='ltr'>Juliano</span> <span class='ocrx_word' id='word_1_193' title='bbox 1246 2000 1345 2047; x_wconf 86' lang='lat' dir='ltr'>haec</span> 
     </span>
     <span class='ocr_line' id='line_1_27' title="bbox 55 2071 1346 2138; baseline 0.002 -20"><span class='ocrx_word' id='word_1_194' title='bbox 55 2073 281 2133; x_wconf 86' lang='lat' dir='ltr'>amentia,</span> <span class='ocrx_word' id='word_1_195' title='bbox 310 2086 358 2121; x_wconf 89' lang='lat' dir='ltr'>ut</span> <span class='ocrx_word' id='word_1_196' title='bbox 395 2091 472 2136; x_wconf 87' lang='lat' dir='ltr'>per</span> <span class='ocrx_word' id='word_1_197' title='bbox 510 2090 662 2138; x_wconf 85' lang='lat' dir='ltr'>magos</span> <span class='ocrx_word' id='word_1_198' title='bbox 695 2073 912 2136; x_wconf 83' lang='lat' dir='ltr'>pleraque</span> <span class='ocrx_word' id='word_1_199' title='bbox 945 2071 1112 2121; x_wconf 85' lang='lat' dir='ltr'>faceret</span> <span class='ocrx_word' id='word_1_200' title='bbox 1133 2108 1147 2130; x_wconf 89' lang='lat'><em>‚</em></span> <span class='ocrx_word' id='word_1_201' title='bbox 1182 2072 1346 2136; x_wconf 84' lang='lat' dir='ltr'>quibus</span> 
     </span>
     <span class='ocr_line' id='line_1_28' title="bbox 55 2145 1347 2209; baseline 0.002 -20"><span class='ocrx_word' id='word_1_202' title='bbox 55 2157 232 2207; x_wconf 87' lang='lat' dir='ltr'>putaret</span> <span class='ocrx_word' id='word_1_203' title='bbox 263 2146 335 2193; x_wconf 89' lang='lat' dir='ltr'>vel</span> <span class='ocrx_word' id='word_1_204' title='bbox 355 2146 513 2194; x_wconf 85' lang='lat' dir='ltr'>odium</span> <span class='ocrx_word' id='word_1_205' title='bbox 535 2145 693 2209; x_wconf 85' lang='lat' dir='ltr'>populi</span> <span class='ocrx_word' id='word_1_206' title='bbox 721 2145 930 2204; x_wconf 87' lang='lat' dir='ltr'>deliniri,</span> <span class='ocrx_word' id='word_1_207' title='bbox 957 2148 1034 2194; x_wconf 90' lang='lat' dir='ltr'>vel</span> <span class='ocrx_word' id='word_1_208' title='bbox 1064 2145 1254 2193; x_wconf 88' lang='lat' dir='ltr'>militum</span> <span class='ocrx_word' id='word_1_209' title='bbox 1275 2161 1347 2192; x_wconf 89' lang='lat' dir='ltr'>ar-</span> 
     </span>
     <span class='ocr_line' id='line_1_29' title="bbox 57 2217 1348 2283; baseline 0.001 -19"><span class='ocrx_word' id='word_1_210' title='bbox 57 2235 130 2264; x_wconf 88' lang='lat' dir='ltr'>ma</span> <span class='ocrx_word' id='word_1_211' title='bbox 158 2219 394 2282; x_wconf 83' lang='lat' dir='ltr'>compesci.</span> <span class='ocrx_word' id='word_1_212' title='bbox 428 2236 526 2266; x_wconf 85' lang='lat' dir='ltr'>nam</span> <span class='ocrx_word' id='word_1_213' title='bbox 556 2221 613 2267; x_wconf 66' lang='lat'>,&amp;</span> <span class='ocrx_word' id='word_1_214' title='bbox 644 2220 856 2283; x_wconf 83' lang='lat' dir='ltr'>quasdam</span> <span class='ocrx_word' id='word_1_215' title='bbox 887 2235 984 2266; x_wconf 88' lang='lat' dir='ltr'>non</span> <span class='ocrx_word' id='word_1_216' title='bbox 1017 2217 1348 2267; x_wconf 82' lang='lat' dir='ltr'>convenientes</span> 
     </span>
     <span class='ocr_line' id='line_1_30' title="bbox 57 2289 1346 2348; baseline 0.002 -12"><span class='ocrx_word' id='word_1_217' title='bbox 57 2290 278 2337; x_wconf 86' lang='lat' dir='ltr'>Romanis</span> <span class='ocrx_word' id='word_1_218' title='bbox 308 2290 442 2340; x_wconf 88' lang='lat' dir='ltr'>sacris</span> <span class='ocrx_word' id='word_1_219' title='bbox 470 2292 636 2339; x_wconf 82' lang='lat' dir='ltr'>hostias</span> <span class='ocrx_word' id='word_1_220' title='bbox 666 2291 1052 2348; x_wconf 84' lang='lat' dir='ltr'>immolaverunt,</span> <span class='ocrx_word' id='word_1_221' title='bbox 1075 2292 1123 2339; x_wconf 70' lang='grc' dir='ltr'>δι</span> <span class='ocrx_word' id='word_1_222' title='bbox 1150 2289 1346 2338; x_wconf 83' lang='lat' dir='ltr'>carmina</span> 
     </span>
     <span class='ocr_line' id='line_1_31' title="bbox 59 2363 1346 2430; baseline 0.001 -21"><span class='ocrx_word' id='word_1_223' title='bbox 59 2363 251 2426; x_wconf 87' lang='lat' dir='ltr'>profana</span> <span class='ocrx_word' id='word_1_224' title='bbox 292 2364 639 2413; x_wconf 86' lang='lat' dir='ltr'>incantaverunt</span> <span class='ocrx_word' id='word_1_225' title='bbox 659 2402 672 2423; x_wconf 94' lang='lat'>‚</span> <span class='ocrx_word' id='word_1_226' title='bbox 698 2367 747 2414; x_wconf 86' lang='lat'>&amp;</span> <span class='ocrx_word' id='word_1_227' title='bbox 785 2382 834 2413; x_wconf 90' lang='lat' dir='ltr'>ea</span> <span class='ocrx_word' id='word_1_228' title='bbox 853 2402 866 2422; x_wconf 91' lang='lat'>,</span> <span class='ocrx_word' id='word_1_229' title='bbox 895 2383 998 2430; x_wconf 83' lang='lat' dir='ltr'>quae</span> <span class='ocrx_word' id='word_1_230' title='bbox 1027 2365 1081 2412; x_wconf 93' lang='lat' dir='ltr'>ad</span> <span class='ocrx_word' id='word_1_231' title='bbox 1115 2364 1346 2425; x_wconf 80' lang='lat' dir='ltr'>speculum</span> 
     </span>
     <span class='ocr_line' id='line_1_32' title="bbox 59 2436 1345 2504; baseline 0.002 -21"><span class='ocrx_word' id='word_1_232' title='bbox 59 2437 218 2485; x_wconf 88' lang='lat' dir='ltr'>dicunt</span> <span class='ocrx_word' id='word_1_233' title='bbox 248 2436 372 2497; x_wconf 72' lang='lat' dir='ltr'>fieri,</span> <span class='ocrx_word' id='word_1_234' title='bbox 391 2437 438 2485; x_wconf 75' lang='lat' dir='ltr'>in</span> <span class='ocrx_word' id='word_1_235' title='bbox 468 2454 563 2503; x_wconf 84' lang='lat' dir='ltr'>quo</span> <span class='ocrx_word' id='word_1_236' title='bbox 590 2440 718 2504; x_wconf 82' lang='lat' dir='ltr'>pueri</span> <span class='ocrx_word' id='word_1_237' title='bbox 744 2438 983 2504; x_wconf 78' lang='lat' dir='ltr'>praeligatis</span> <span class='ocrx_word' id='word_1_238' title='bbox 1014 2437 1159 2487; x_wconf 89' lang='lat' dir='ltr'>oculis</span> <span class='ocrx_word' id='word_1_239' title='bbox 1192 2437 1345 2486; x_wconf 84' lang='lat' dir='ltr'>incan-</span> 
     </span>
    </p>
   </div>
   <div class='ocr_carea' id='block_1_3' title="bbox 919 2552 976 2563">
    <p class='ocr_par' dir='ltr' id='par_1_4' title="bbox 919 2552 976 2563">
     <span class='ocr_line' id='line_1_33' title="bbox 919 2552 976 2563; baseline 0 0"><span class='ocrx_word' id='word_1_240' title='bbox 919 2552 976 2563; x_wconf 51' lang='lat' dir='ltr'>‘va-⁶</span> 
     </span>
    </p>
   </div>
  </div>
 </body>
</html>
