1714 2807
333 146 403 196 50
592 129 800 175 JUL11
853 126 1359 173 CAPITOLtNt

337 236 462 295 filio,
490 233 567 300 qui
593 233 758 296 Lopias
785 232 1004 281 condidit.
1028 232 1252 280 Educatus
1269 233 1329 279 est
1347 231 1393 280 in
1406 239 1466 279 ‘eo
1484 232 1618 292 loco,

335 312 386 361 in
416 328 511 374 quo
540 322 667 356 natus
695 307 756 354 est
783 343 797 366 ,
824 308 874 354 &
900 306 946 353 in
971 308 1112 354 domo
1141 307 1218 355 avi
1245 307 1310 354 sui
1341 307 1474 365 Veri,
1492 297 1621 369 Juxta

338 388 458 436 aedes
484 382 705 431 Laterani.
732 381 898 427 Habuit
926 382 976 429 δε
1007 383 1206 428 sororem
1242 394 1346 428 natu
1376 381 1621 440 minorem,

337 459 537 510 Anniam
571 455 864 505 Cornificiam
880 472 895 512 ;
912 473 1099 503 uxorem
1115 492 1129 514 ,
1150 455 1341 503 Anniam
1355 455 1623 513 Faustinam,

337 531 660 582 consobrinam
702 528 838 577 suam.
879 530 1059 577 Marcus
1100 530 1363 577 Antoninus
1397 529 1623 592 principio

337 606 415 654 avi
443 604 507 650 sui
539 619 707 649 nomen
738 601 921 660 habuit,
953 604 1003 649 &
1032 601 1184 649 Catilii
1217 601 1404 657 Severi,
1436 601 1622 647 materni

336 677 519 743 proavi.
538 676 641 724 Post
661 675 881 724 exceffum
901 686 1017 723 vero
1034 676 1192 738 patris,
1211 677 1264 723 ab
1280 676 1510 723 Hadriano
1528 682 1624 723 An*

339 760 439 804 nius
469 751 707 815 Veriffi‘mus
739 766 930 798 vocatus
954 749 1043 796 est:
1062 749 1161 811 post
1187 749 1362 796 virilem
1382 763 1528 796 autem
1547 762 1624 796 to-

338 846 474 893 gam,
492 826 666 871 Annius
701 827 846 869 Verus.
866 835 989 884 patre
1012 834 1226 881 mortuo,
1245 823 1301 869 ab
1321 839 1412 870 avo
1436 836 1624 885 paterno

338 902 578 961 adoptatus
603 896 689 955 est,
710 897 760 943 ὅ(
785 897 1010 946 educatus.

404 975 456 1019 ΙΙ,
483 972 583 1018 Fuit
611 986 634 1016 a
663 970 806 1032 prima
831 969 1019 1017 infantia
1052 969 1210 1034 gravis,
1247 982 1290 1017 at
1326 969 1403 1016 ubi
1437 969 1625 1032 egreffus

337 1048 401 1096 est
425 1060 595 1103 annos,
621 1042 700 1106 qui
726 1043 950 1091 nutricum
976 1044 1196 1090 foventur
1217 1043 1388 1090 auxilio
1409 1079 1423 1099 ‚
1453 1042 1622 1106 magnis

337 1116 695 1185 praeceptoribus
728 1115 946 1173 traditus,
977 1116 1031 1161 ad
1058 1115 1355 1178 philosophiae
1388 1116 1491 1162 scita
1522 1116 1625 1178 per-

339 1193 482 1241 venit.
503 1190 617 1238 Usus
644 1188 704 1235 est
724 1188 940 1252 magistris
965 1189 1018 1235 acl
1038 1189 1180 1251 prima
1199 1190 1419 1237 elementa
1435 1190 1625 1250 Eupho-

338 1267 471 1315 rione
494 1263 747 1319 literatore‚
771 1263 819 1309 ὅ(
841 1262 1040 1307 Gemino
1066 1263 1306 1321 comoedo,
1334 1263 1505 1316 mufico
1530 1265 1626 1308 An-

341 1339 516 1392 drone,
545 1333 796 1395 eodemque
827 1346 1084 1396 geometra:
1113 1334 1274 1397 quibus
1304 1333 1515 1381 omnibus
1534 1369 1547 1391 ‚
1576 1348 1625 1383 ut

337 1405 675 1467 disciplinarum
708 1405 991 1461 auctoribus,
1021 1405 1262 1467 plurimum
1300 1406 1472 1453 detulit.
1510 1406 1626 1452 Usus

341 1492 557 1547 praeterea
585 1477 910 1540 grammaticis,
945 1480 1140 1535 Graeco,
1169 1479 1455 1526 Alexandro:
1476 1479 1627 1540 quoti-

341 1553 493 1602 dianis'
515 1551 709 1609 Latinis,
733 1551 898 1597 Trosio
917 1557 1044 1613 Apro
1060 1587 1073 1608 ‚
1089 1553 1136 1598 ἃ
1155 1551 1364 1598 Pollione
1378 1586 1390 1608 ,
1411 1554 1459 1599 &
1479 1554 1625 1615 Euty-

343 1627 450 1676 chio
476 1624 674 1672 Proculo
701 1623 906 1671 Siccensi.
934 1623 1208 1670 Oratoribus
1243 1623 1344 1669 usus
1372 1623 1434 1670 est
1451 1660 1466 1681 ‚
1494 1625 1626 1670 Grae-

340 1704 407 1750 cis
427 1737 441 1759 ‚
470 1698 640 1746 Aninio
683 1701 841 1745 Macro
861 1734 874 1754 ‚
908 1697 1107 1743 Caninio
1138 1696 1295 1744 Celere
1315 1733 1328 1754 ‚
1362 1698 1411 1744 &
1444 1697 1626 1744 Herode

339 1773 531 1826 Attic03
562 1769 755 1827 Latino,
785 1773 1016 1816 Frontone
1044 1768 1282 1815 Cornelio.
1315 1768 1399 1813 Sed
1437 1768 1624 1813 multum

342 1863 402 1894 ex
433 1845 502 1890 his
531 1842 753 1889 Frontoni
783 1841 969 1888 detulit:
995 1841 1067 1887 cui
1093 1842 1142 1888 δι
1169 1840 1350 1886 statuam
1384 1840 1430 1886 in
1460 1842 1626 1887 Senatu

341 1916 486 1982 petiit.
508 1913 753 1960 Proculum
774 1929 886 1959 vero
905 1913 1041 1976 usque
1056 1913 1111 1959 ad
1129 1911 1494 1973 proconsulatum
1517 1929 1625 1974 pro-

343 1989 500 2043 vexit,
525 1986 737 2034 oneribus
755 1985 799 2032 in
827 1986 867 2031 se
891 1985 1094 2046 receptis.
1117 1984 1418 2047 Philosophiae
1441 2002 1625 2047 operam

344 2063 640 2109 vehementer
655 2059 803 2115 dedit,
821 2061 868 2106 δε
883 2059 1061 2120 quidem
1078 2059 1221 2105 adbuc
1247 2075 1369 2119 puer.
1384 2076 1483 2104 nam
1506 2061 1624 2106 duo-

345 2134 571 2182 decimum
597 2150 764 2180 annum
792 2132 1002 2195 ingreffus
1018 2167 1032 2190 ,
1054 2132 1253 2178 habitum
1282 2133 1538 2195 philosophi
1562 2135 1625 2181 as-

345 2207 520 2262 sumsit,
542 2207 592 2253 &
627 2206 837 2267 deinceps
868 2205 1148 2251 tolerantiam
1171 2242 1185 2263 ‚
1220 2223 1320 2253 cum
1353 2207 1544 2254 studeret
1578 2206 1624 2253 in

345 2281 514 2344 pallio,
539 2281 588 2327 &
616 2279 740 2327 humi
769 2279 976 2333 cubaret;
1007 2278 1086 2323 vix
1116 2293 1292 2336 autem,
1320 2296 1460 2326 matre
1489 2298 1625 2344 agen-

344 2365 390 2398 te
414 2388 428 2410 ,
466 2351 652 2398 instrato
691 2351 879 2414 pellibus
920 2351 1085 2396 leelulo
1126 2352 1373 2398 accubaret.
1406 2353 1517 2400 Usus
1562 2354 1623 2399 est

346 2426 480 2474 etiam
517 2425 782 2473 Commodo
810 2424 1047 2488 magistro,
1066 2424 1191 2487 cujus
1212 2426 1253 2474 ei
1268 2427 1457 2474 affinitas
1479 2427 1623 2475 fuerat
