1637 2785
252 123 676 172 COMMODUS
712 121 1162 170 ANTONINUS.
1265 132 1354 183 ιο,

81 228 174 276 vit:
195 229 354 292 quibus
379 244 456 290 per
487 227 622 289 patris
644 227 879 274 mollitiem
909 227 1145 285 restitutis,
1165 225 1358 290 popinas

79 302 129 348 &
156 317 312 364 ganeas
334 301 379 346 in
406 300 615 347 Palatinis
647 297 816 362 semper
844 301 1012 348 aedibus
1047 300 1176 358 fecit,
1210 315 1356 363 neque

78 390 273 436 unquam
303 373 501 436 pepercit
533 373 604 420 vel
633 373 828 434 pudori,
847 373 923 419 vel
950 373 1190 420 sumtui.1n
1216 374 1358 420 domo

78 444 217 490 aleam
236 446 446 493 exercuit.
469 446 755 493 Mulierculas
774 445 935 493 formae
954 444 1140 492 scitioris
1154 479 1168 502 ,
1184 456 1232 490 ut
1250 459 1359 506 pro·

76 515 232 563 stibula
263 518 484 581 mancipia
510 519 784 581 lupanarium
801 554 814 577 ‚
833 519 888 565 ad
915 516 1154 565 ludibrium
1184 515 1359 578 pudici-j

77 586 149 632 tia:
190 590 428 637 contraxit.
470 590 669 637 Imitffi'us
705 590 766 636 est
804 590 1018 652 propolas
1057 585 1355 636 circumfora-

78 675 202 706 neos.
231 662 383 724 Equos
413 663 584 710 curules
618 663 696 709 fibi
731 660 1024 724 comparavit.
1060 659 1236 722 Aurigae
1272 658 1356 703 ha-

77 731 170 777 bitu
212 750 369 781 currus
405 735 544 783 rexit:
572 734 893 799 gladiatoribus
923 731 1159 782 convixit:
1194 746 1356 794 aquam

77 803 199 866 geffit
215 841 226 862 ,
253 821 300 852 ut
323 808 537 855 lenonum
566 809 788 866 minister,
808 819 857 854 ut
881 806 1055 870 probris
1078 817 1229 852 natum
1258 819 1355 850 maun

75 876 168 937 giS,
197 895 329 941 quam
360 880 399 926 ei
429 882 562 938 loco,
589 897 690 928 eum
717 881 939 939 crederes,
967 879 1022 926 ad
1045 894 1178 942 quem
1204 875 1355 923 fortu-

76 963 132 993 na
164 966 392 1010 provexit.

142 1025 211 1069 111.
236 1025 373 1071 Patris
390 1025 626 1073 ministeria
650 1025 821 1073 seniora
839 1021 1274 1082 submovit‚amic0s
1292 1019 1355 1068 se-¹

77 1112 154 1142 nes
190 1096 364 1156 abjecit.
401 1099 556 1144 Filium
593 1099 734 1144 Salvii
761 1097 946 1153 Juliani‚
971 1096 1047 1159 qui
1081 1093 1354 1142 exercitibus

74 1183 262 1231 praeerat
277 1207 291 1228 ,
305 1173 357 1217 ad
375 1172 696 1234 impudicitiam
715 1171 870 1218 frustra
889 1169 1109 1227 tentavit,
1125 1181 1256 1230 atque
1275 1184 1352 1213 ex-

76 1242 180 1290 inde
209 1244 382 1291 Juliano
409 1247 593 1293 tetendit
623 1247 811 1293 infidias.
840 1243 1183 1291 Honestissimos
1214 1239 1353 1305 quos-

75 1332 192 1375 que,
220 1329 294 1362 aut
322 1333 400 1378 per
434 1318 783 1372 contumeliam,
813 1330 887 1363 aut
918 1332 997 1378 per
1020 1315 1242 1360 honorem
1282 1311 1353 1358 in-

74 1385 400 1448 digniffimum‚
426 1389 601 1448 abjecit.
630 1389 887 1452 Appellatus
915 1387 974 1434 est
1001 1404 1023 1433 a
1055 1385 1198 1432 mimis
1234 1384 1353 1448 quali

76 1458 382 1521 obstupratus:
423 1462 690 1524 eosdemque
725 1462 809 1514 ita.
841 1474 889 1507 ut
926 1477 1020 1506 non
1060 1469 1351 1520 apparerent,

74 1529 220 1577 subito
248 1532 520 1594 deportavit.
555 1534 723 1581 Bellum
753 1534 914 1588 etiam,
945 1532 1068 1594 quod
1098 1543 1222 1593 pater
1260 1547 1352 1593 pre-

76 1621 132 1651 ne
163 1606 447 1666 confecerat,
475 1609 643 1671 legibus
676 1607 869 1653 hostium
903 1606 1125 1663 addictus,
1157 1605 1352 1662 remifit,

76 1694 127 1724 ac
156 1679 348 1725 Romam
368 1681 569 1728 reversus
588 1680 661 1727 est.
683 1682 874 1728 Romam
899 1692 945 1725 ut
965 1677 1124 1736 rediit,
1145 1677 1351 1724 subacto-

75 1766 122 1797 re
148 1751 228 1797 suo
255 1753 429 1799 Antero
453 1753 551 1815 post
582 1753 623 1799 se
654 1754 700 1799 in
729 1769 862 1800 curru
887 1751 1040 1798 locato
1058 1786 1071 1807 ,
1093 1750 1151 1796 ita
1189 1749 1351 1795 trium-

75 1823 259 1886 phavit,
274 1838 323 1871 ut
343 1841 443 1871 eum
465 1825 622 1888 saepius
643 1825 823 1872 cervice
841 1823 1004 1870 reflexa
1023 1822 1200 1884 publice
1222 1820 1352 1868 oscu-

74 1899 256 1946 laretur.
282 1899 414 1946 etiam
439 1899 487 1946 in
517 1899 738 1947 orchestra
763 1900 849 1946 hoc
871 1899 986 1945 idem
1014 1896 1133 1944 fecit.
1161 1898 1215 1942 Et
1248 1910 1350 1942 cum

73 1986 251 2035 potaret
289 1973 336 2020 in
367 1974 510 2022 lucem
532 2009 545 2032 ,
591 1975 933 2037 heluareturque
972 1972 1144 2018 viribus
1178 1971 1350 2016 Roma-

75 2046 123 2091 ni
158 2046 358 2109 imperii,
402 2047 585 2109 vespera
617 2048 747 2095 etiam
791 2064 869 2111 per
906 2047 1106 2093 tabernas
1137 2061 1188 2092 ac
1228 2045 1352 2106 lupa·

75 2117 198 2164 naria
240 2119 467 2167 volitavit.
498 2120 618 2167 Mifit
657 2119 863 2167 homines
903 2119 957 2166 ad
987 2117 1245 2182 provincias
1280 2132 1351 2163 re-

74 2191 261 2254 gendas,
280 2192 353 2240 vel
373 2193 609 2240 criminum
633 2193 781 2241 socios
795 2230 809 2251 ,
824 2193 898 2240 vel
917 2210 940 2240 a
958 2191 1205 2241 criminofis
1225 2205 1353 2237 com-

75 2266 324 2314 mendatos.
359 2270 405 2313 ln
441 2269 610 2316 senatus
644 2269 800 2316 odium
830 2268 890 2315 ita
919 2267 1073 2323 venit,
1104 2265 1228 2313 ut&
1259 2263 1352 2327 ipse

77 2336 315 2383 crudeliter
335 2337 379 2382 in
402 2340 513 2388 tanti
533 2340 706 2390 ordinis
719 2340 964 2405 perniciem
980 2338 1178 2399 saeviret,
1199 2335 1353 2391 fieret-⁷=

75 2424 164 2473 que
187 2420 454 2461 contemtui,

940 2490 984 2534 G
1017 2507 1051 2538 Δ
