1714 2807
297 160 385 223 196
496 158 724 205 AEL11
788 157 1366 206 sP-ARTtANI

289 279 380 313 erat
402 264 447 310 in
479 263 679 322 fratrem,
699 274 748 311 ut
764 263 887 311 causa
915 263 1008 324 ejus
1030 264 1189 311 melior
1215 263 1455 327 fieret‚qui
1479 276 1559 311 oc-'

285 339 484 386 ciderat:
512 337 636 383 illum
665 348 809 383 autem
844 349 1073 400 negantem
1108 336 1398 399 respondisse,
1421 340 1562 383 Aliud

284 413 341 478 cst
352 413 623 472 parricidium
639 445 652 468 ‚
668 411 856 470 accusare
877 413 1127 457 innocentem
1156 411 1328 468 occisum
1366 409 1450 455 Sed
1470 410 1559 455 hoc

289 484 483 530 omnino
516 499 610 530 non
630 482 878 531 convenit:
904 498 1002 527 nam
1029 497 1172 543 neque
1201 480 1432 527 Praefeflus
1454 493 1561 541 pot-

287 570 381 603 erat
409 557 571 603 didiare
594 556 843 602 orationem
865 573 876 600 :
908 558 956 602 &
984 554 1179 609 constat,
1199 572 1297 600 eum
1325 555 1441 616 quali
1465 553 1560 600 fau·

289 641 434 676 torem
469 630 598 676 Getae
627 626 836 675 occisum.
870 628 923 672 Et
957 626 1095 673 fertur
1118 627 1296 688 quidem
1315 662 1327 682 ‚
1355 627 1560 688 Papinia-

288 719 398 749 num
415 737 429 759 ‚
448 718 550 748 cum
571 712 720 764 raptus
742 717 765 746 a
783 699 995 746 militibus
1015 699 1066 744 ad
1090 698 1298 744 Palatium
1318 701 1562 746 traheretur

290 775 566 824 occidendus
580 810 595 831 ,
619 773 926 835 praedivinaffe
946 807 959 830 ‚
991 772 1210 818 dicentem
1230 807 1243 828 ‚
1271 772 1560 834 Stuleiffi'mum

281 850 401 912 fore,
428 851 498 910 qui
531 850 575 893 in
594 848 723 908 suum
737 847 1028 908 subrogaretur
1057 849 1214 899 locum,
1232 846 1317 909 nist
1339 851 1562 907 appetitam

209 927 250 958 ‘¹'—
288 925 501 969 crudelicer
529 920 812 978 Praefec‘luram
842 923 1079 965 vindicaret.
1106 919 1246 977 Quod
1279 917 1438 965 faClum
1471 921 1562 967 est:

289 1013 393 1042 nam
424 994 647 1042 Macrinus
671 992 953 1040 Antoninum
980 991 1174 1048 occidit,
1195 1004 1240 1036 ut
1267 991 1564 1053 supra-expo·-

290 1070 486 1118 suimus:
513 1069 592 1132 qui
623 1085 722 1116 cum
750 1067 846 1114 filio
877 1066 1011 1113 fadus
1039 1066 1084 1112 in
1116 1065 1262 1113 castris
1290 1069 1561 1127 Imperator,

288 1143 429 1191 filium
451 1141 678 1204 suum,qui
695 1144 990 1187 Diadumenus
1008 1139 1268 1193 vocabatur,
1288 1141 1560 1184 Antoninum

289 1215 510 1275 vocavit,
536 1216 707 1264 idcirco
729 1217 853 1278 quod
881 1233 903 1263 a
939 1214 1214 1279 praetorianis
1241 1215 1430 1262 multum
1466 1218 1561 1261 An-

291 1292 477 1340 toninus
505 1291 767 1337 desideratus
799 1290 872 1337 est.

357 1367 434 1412 IX.
465 1365 595 1410 Vixit
620 1377 764 1411 autem
794 1363 1009 1410 Baffianus
1035 1362 1160 1410 annis
1182 1362 1466 1427 quadraginta
1487 1361 1563 1408 tri·

290 1439 387 1487 bus.
418 1438 653 1498 Imperavit
682 1436 806 1482 annis
830 1436 915 1482 sex.
941 1436 1125 1483 publico
1154 1436 1308 1482 funere
1329 1437 1465 1482 elatus
1487 1435 1566 1481 est.

293 1510 451 1559 Filium
473 1510 680 1573 reliquit,
698 1510 775 1571 qui
804 1510 952 1571 postea
979 1512 1026 1557 &
1058 1510 1146 1571 ipse
1181 1513 1353 1557 Marcus
1373 1514 1562 1556 Antoni-

295 1602 374 1630 nus
404 1585 706 1645 Heliogabalus
733 1581 793 1627 est
820 1582 979 1628 dietus:
1004 1582 1059 1627 ita
1088 1582 1204 1628 enim
1229 1599 1392 1628 nomen
1416 1585 1565 1629 Anto-

294 1657 506 1704 ninorum
536 1655 816 1711 inoleverat,
847 1668 895 1700 ut
927 1655 1030 1701 velli
1061 1671 1114 1701 ex
1145 1655 1300 1703 animis
1329 1656 1564 1703 hominum

295 1746 391 1777 non
421 1729 562 1792 posset
581 1764 594 1785 ‚
624 1729 747 1792 quod
772 1729 974 1775 omnium
1006 1729 1206 1790 peilora,
1231 1730 1354 1775 velut
1385 1728 1567 1793 Augusti

296 1819 464 1851 nomen
487 1838 499 1857 ‚
528 1801 769 1849 obsederat.
810 1801 909 1848 Fuit
946 1801 1057 1847 male
1087 1815 1282 1848 moratus
1305 1839 1317 1860 ‚
1355 1804 1404 1850 &
1444 1817 1567 1863 patre

296 1876 414 1922 duro
445 1874 681 1921 crudelior.
713 1873 886 1920 Avidus
908 1873 1018 1931 cibi,
1045 1873 1138 1920 vini
1165 1874 1292 1920 etiam
1311 1888 1533 1936 appetens
1552 1911 1566 1933 ‚

297 1947 387 1996 suis
404 1947 584 1994 odiosus
603 1982 614 2003 ‚
629 1948 693 2004 &‚
716 1959 873 2008 praeter
895 1947 1053 1994 milites
1071 1947 1366 2008 praetorianos
1384 1980 1395 2000 ‚
1415 1948 1567 1993 omni-

297 2023 383 2069 bus
414 2021 557 2068 castris
586 2021 773 2067 exosus:
806 2021 983 2079 prorsus
1012 2019 1120 2066 nihil
1146 2019 1259 2066 inter
1278 2021 1430 2067 fratres
1451 2021 1568 2067 fimi-

301 2097 354 2143 le.
384 2097 533 2156 Opera
559 2096 717 2141 Roma:
744 2094 942 2157 reliquit,
959 2095 1149 2140 thermas
1173 2095 1369 2140 nominis
1389 2095 1451 2140 sui
1476 2094 1568 2140 exi-

300 2169 452 2216 mias:
491 2183 674 2229 quarum
712 2167 866 2213 cellam
909 2167 1116 2213 solearem
1154 2168 1376 2214 archireffi
1409 2182 1568 2231 negant

298 2241 422 2304 posse
446 2241 535 2285 ulla
560 2238 837 2295 imitatione,
857 2255 944 2300 qua
962 2237 1068 2284 fafta
1087 2239 1146 2284 est
1162 2277 1171 2295 ,
1193 2239 1302 2286 fieri.
1326 2257 1422 2286 nam
1445 2245 1491 2286 ὅ(
1511 2258 1568 2288 cx

299 2330 388 2360 aere
418 2313 488 2358 vel
522 2327 665 2372 cupro
698 2310 882 2357 cancelli
922 2311 1181 2373 superpositi
1214 2313 1298 2358 effe
1333 2313 1570 2369 dicuntur,

303 2387 466 2447 quibu5
507 2385 746 2431 cameratio
778 2397 872 2430 tota
915 2384 1172 2430 concredita
1203 2386 1291 2430 est:
1323 2386 1371 2431 &
1400 2398 1568 2430 tantum

303 2459 365 2505 est
387 2457 568 2522 spatium
587 2493 600 2516 ,
620 2470 668 2504 ut
684 2456 898 2520 idipsum
926 2455 1018 2502 fieri
1049 2470 1207 2522 negent
1231 2457 1417 2520 potuiss'e
1451 2456 1570 2502 doc‘li
