1714 2807
316 197 406 230 222
538 181 1396 227 FLAVIIVOPISCI

310 288 420 334 liffet
439 323 453 343 ‚
480 287 524 333 id
554 288 642 341 est,
659 304 714 332 ex
742 286 956 347 Gepidis,
981 287 1261 345 Cauarillus,
1281 289 1329 335 ὅ(
1354 286 1593 346 Vandalis,

311 361 379 407 illi
422 376 580 405 omnes
621 357 754 404 fidem
800 357 1055 422 fregerunt,
1091 362 1172 414 &,
1204 372 1429 421 occupato
1470 360 1596 407 bellis

311 433 562 498 tyrannicis
591 433 774 491 Probo,
799 449 878 496 per
907 446 1056 480 totum
1089 440 1215 495 pae'ne
1255 433 1411 480 orbem
1430 470 1445 492 ‚
1475 434 1598 496 pedi-

310 508 394 554 bus
423 510 471 555 &
505 507 787 569 navigando,
812 506 957 570 vagati
988 507 1086 552 sunt
1107 543 1120 564 ,
1142 523 1224 553 nec
1259 523 1413 568 parum
1455 507 1596 553 mole-

308 580 401 627 stiae
440 582 657 626 Romana:
684 577 840 642 gloriae
869 578 1131 624 intulerunt.
1162 594 1277 640 quos
1305 578 1484 639 quidem
1523 578 1598 624 ille
1645 612 1651 619 .

309 653 495 700 diversis
517 652 693 699 vicibus
709 686 722 706 ,
741 649 963 711 variisque
995 648 1199 696 viaoriis
1227 651 1466 712 oppressu,
1487 667 1597 712 pau-

309 724 376 772 cis
406 724 594 769 domum
633 740 738 769 cum
772 722 916 783 gloria
948 720 1237 767 redeuntibus
1260 757 1273 777 ,
1303 723 1428 783 quod
1462 723 1599 768 Probi

310 797 544 844 evafifl'ent
577 812 745 841 manus.
773 796 883 840 Haec
917 795 1091 840 Probus
1115 811 1215 840 cum
1239 795 1437 840 barbaris
1462 796 1598 858 geffit.

310 869 396 917 Sed
442 868 598 914 habuit
641 868 774 913 etiam
817 884 911 913 non
956 866 1080 913 leves
1117 867 1384 931 tyrannicos
1430 882 1596 915 motus.

310 960 415 988 nam
453 942 504 989 δε
530 939 844 1002 Saturninum,
881 937 962 1002 qui
991 939 1193 985 Orientis
1224 939 1460 1000 imperium
1492 940 1601 986 arri-

311 1030 492 1076 puerat,
509 1013 643 1060 variis
662 1012 930 1073 proeliorum
953 1011 1187 1075 generibus
1216 1012 1265 1058 &
1292 1023 1402 1058 nora
1430 1011 1600 1061 virtute

311 1088 554 1152 superavit.
578 1102 673 1150 quo
706 1087 855 1144 νὶξὶο,
878 1098 999 1131 tanta
1032 1085 1078 1130 in
1111 1085 1299 1131 Oriente
1319 1086 1447 1148 quies
1480 1085 1600 1144 fuit,

311 1174 363 1208 ut
394 1159 810 1225 (quemadmodum
839 1159 977 1222 vulgo
1001 1157 1340 1222 loquebantur)
1363 1174 1507 1205 mures
1532 1175 1603 1204 re-

313 1234 452 1281 belles
483 1233 631 1279 nullus
656 1231 842 1279 audiret.
866 1231 1047 1277 Deinde
1074 1249 1175 1278 cum
1200 1231 1416 1279 Proculus
1438 1234 1485 1280 &
1506 1234 1599 1279 Bo-

313 1306 452 1354 nosus
482 1306 598 1369 apud
641 1305 933 1368 Agrippinam
970 1305 1016 1351 in
1063 1306 1212 1352 Gallia
1254 1306 1490 1368 imperium
1532 1323 1598 1353 ar-

315 1378 576 1440 ripuiss‘ent,
610 1377 856 1438 omnesque
887 1377 966 1422 fibi
1000 1377 1086 1435 jam
1128 1379 1406 1436 Britannias,
1439 1379 1602 1440 Hispa-

314 1450 443 1508 nias,
470 1451 520 1496 &
553 1450 769 1515 brqccatae
795 1449 956 1495 Galliae
986 1450 1247 1512 provincias
1279 1451 1564 1499 vindicarent
1586 1486 1602 1509 ,

314 1522 513 1568 barbaris
553 1522 688 1568 semet
723 1520 988 1581 juvantibus
1013 1557 1027 1577 ,
1060 1521 1185 1569 vicit.
1216 1526 1281 1569 Ac
1314 1541 1369 1569 ne
1404 1524 1604 1586 requiras

314 1595 443 1658 plura
471 1594 546 1640 vel
567 1594 620 1641 de
640 1595 884 1640 Saturnino
901 1625 916 1649 ‚
940 1595 1014 1639 vel
1032 1594 1084 1639 de
1108 1595 1332 1652 Proculo,
1353 1595 1426 1642 vel
1444 1597 1497 1641 de
1517 1597 1602 1642 Bo-

317 1666 459 1723 noso,
485 1666 564 1713 suo
593 1666 772 1713 eosdem
799 1665 985 1712 inseram
1015 1666 1134 1712 libro
1155 1702 1168 1723 ‚
1198 1683 1334 1728 pauca
1353 1667 1405 1713 de
1424 1666 1605 1726 iisdem,

317 1752 365 1785 ut
402 1739 528 1785 decet
551 1775 566 1797 ,
609 1738 751 1785 immo
789 1751 841 1784 ut
884 1739 1031 1801 poscit
1068 1740 1320 1797 neceffitas,
1355 1741 1607 1788 locuturus.

318 1812 474 1858 Unum
507 1810 606 1858 sane
629 1810 858 1858 sciendum
884 1811 973 1869 est,
1010 1812 1136 1874 quod
1166 1804 1384 1859 Germani
1414 1828 1572 1859 omnes
1592 1847 1606 1869 ,

318 1901 423 1931 cum
451 1884 505 1931 ad
538 1884 757 1931 auxilium
789 1883 925 1930 effent
952 1883 1097 1946 rogati
1132 1901 1154 1932 a
1183 1885 1380 1932 Proculo
1399 1920 1413 1942 ‚
1450 1884 1604 1931 Probo

319 1957 472 2020 potius
509 1958 755 2020 perservire
798 1958 1080 2015 maluerunt,
1106 1975 1239 2020 quam
1279 1976 1382 2006 cum
1418 1957 1604 2005 Bonoso

318 2031 370 2078 &
397 2031 595 2078 Proculo
618 2031 716 2078 effe.
739 2031 882 2078 Gallis
907 2031 1120 2077 omnibus
1142 2034 1189 2078 &
1217 2032 1421 2093 Hispanis
1439 2048 1488 2078 ac
1511 2032 1604 2077 Bri-

320 2104 467 2150 tannis
501 2104 608 2151 hinc
641 2105 834 2166 permisit
851 2139 866 2162 ‚
890 2116 939 2150 ut
961 2103 1075 2150 vites
1095 2104 1307 2150 haberent
1324 2141 1336 2160 ,
1358 2094 1606 2166 viriumque

320 2175 611 2225 conficerent.
643 2176 736 2238 Ipse
757 2177 928 2222 Almam
952 2189 1181 2233 montem,
1205 2176 1249 2222 in
1278 2175 1466 2239 Illyrico
1485 2175 1606 2222 circa

320 2248 756 2305 Sirmium‚militari
772 2264 904 2295 manu
928 2247 1118 2305 foffum,
1136 2247 1242 2294 le&a
1266 2249 1360 2296 vite
1385 2247 1608 2295 consevit.

385 2322 513 2369 XlX.
546 2322 686 2369 Dedit
711 2321 929 2368 Romanis
955 2321 1087 2368 etiam
1124 2321 1379 2380 voluptates
1395 2355 1408 2377 ‚
1428 2320 1478 2367 &
1499 2319 1601 2379 qui-

323 2395 423 2442 dem
451 2394 668 2456 infignes,
698 2394 849 2441 delatis
878 2393 1008 2440 etiam
1040 2393 1294 2457 congiariis.
1331 2392 1603 2454 Triumpha-

324 2467 393 2517 vit
426 2467 480 2514 de
517 2466 753 2514 Germanis
788 2467 838 2515 &
874 2466 1111 2530 Blemyis:
1155 2465 1360 2512 omnium
1401 2465 1600 2529 gentium
