1714 2807
308 136 407 198 «78
571 135 1338 184 JUL11CAP1TOL1N1

309 245 424 305 quod
451 243 722 288 Commodum
740 277 753 300 ‚
778 246 999 290 donantem
1029 263 1089 290 me
1124 246 1357 305 Caesariano
1389 250 1554 294 nomhze
1573 283 1591 306 ‚
1615 244 1619 245 ⁷

306 314 522 379 contemsi:
531 316 612 375 fid
629 313 670 360 6³·
687 316 815 380 vestra
833 321 1040 362 voluntati
1057 352 1069 373 ,
1088 314 1131 362 S*
1159 321 1297 363 Severi
1314 323 1361 364 A
1364 320 1493 384 agusti
1503 340 1588 380 pa-

306 390 471 434 rendum
492 389 571 450 est;
591 392 688 449 quia
708 392 819 434 credo
835 424 847 446 ‚
865 391 951 450 sub
971 392 1133 435 homine
1150 393 1302 450 optimo
1321 389 1361 437 Cr
1382 393 1588 451 viroforti

300 458 413 523 poffi
430 463 525 506 bene
545 464 830 521 rempublicam
859 464 956 523 regi.
987 461 1082 508 Nec
1104 461 1253 523 negari
1274 463 1417 524 potest
1433 498 1445 519 ,
1463 463 1588 525 quod

299 534 434 579 etiam
480 536 648 580 Marius
688 533 909 579 Maximus
946 533 1082 590 dicit,
1115 534 1236 582 hunc
1277 537 1474 582 animum
1510 538 1586 581 Se-

303 622 420 654 vero
446 606 638 669 primum
665 606 813 665 fuisse,
835 620 907 662 ut,
929 607 959 653 fi
985 607 1093 670 quid
1111 608 1149 654 ei
1171 609 1451 673 contingeret
1466 647 1478 666 ‚
1502 611 1586 656 Pe-

300 679 532 727 scennium
562 680 752 742 Nigrum
771 713 785 735 ‚
811 681 860 726 &
888 679 1101 725 Clodium
1131 680 1343 726 Albinum
1374 681 1450 727 fibi
1482 680 1583 726 sub-

298 752 524 800 stitueret:
547 753 619 798 sed
648 751 794 812 postea
822 753 872 798 ὅ(
898 749 1000 796 filiis
1020 750 1106 810 jam
1132 751 1381 811 majusculis
1407 752 1584 798 studen-

295 839 412 884 tem,
443 827 493 873 &
517 824 671 871 Albini
699 823 842 870 amori
869 823 1177 881 invidentem,
1202 823 1459 870 sententiam
1483 841 1582 870 mu-

295 899 430 954 tasse,
454 910 589 959 atque
616 896 718 942 illos
745 894 961 957 utrosque
986 895 1106 940 bello
1136 896 1388 957 oppreffiffe
1405 932 1418 954 ‚
1441 897 1581 943 maxi-

296 988 369 1019 me
407 971 613 1032 precibus
647 969 803 1016 uxoris
849 969 1099 1015 addussum.
1138 970 1349 1031 Denique
1390 971 1581 1016 Severus

293 1059 396 1089 eum
413 1042 656 1089 Consulem
676 1040 945 1103 designavit,
970 1041 1094 1103 quod
1113 1042 1270 1104 utique
1285 1041 1365 1087 nisi
1384 1042 1437 1087 de
1456 1043 1580 1102 opti-

293 1131 372 1162 mo
404 1116 507 1161 viro
539 1130 631 1160 non
663 1113 856 1173 fecisset,
887 1114 1030 1160 homo
1057 1112 1102 1160 in
1134 1112 1330 1176 legendis
1361 1114 1578 1177 magistra-

291 1188 410 1234 tibus
437 1187 640 1249 diligens.

371 1261 448 1306 IV.
477 1259 561 1306 Sed
585 1272 631 1305 ut
663 1258 717 1305 ad
749 1273 849 1304 eum
882 1257 1088 1314 redeam,
1119 1255 1230 1312 fuit,
1257 1269 1307 1302 ut
1338 1256 1465 1314 dixi,
1499 1258 1575 1304 A!-

290 1332 422 1380 binus
453 1332 733 1377 Adrumento
759 1329 976 1375 oriundus
993 1364 1006 1385 ,
1033 1328 1102 1374 sed
1125 1329 1288 1375 nobilis
1306 1330 1422 1389 apud
1444 1330 1574 1389 suos,

291 1405 341 1452 &
364 1403 586 1466 originem
611 1420 633 1448 a
657 1401 872 1447 Romanis
898 1400 1076 1447 familiis
1101 1402 1304 1456 trahens,
1327 1402 1574 1450 Postumio-

288 1495 388 1525 rum
416 1475 579 1523 scilicet
604 1477 652 1523 &
683 1474 951 1520 Albinorum
980 1473 1292 1533 Cejoniorum.
1315 1492 1416 1538 quae
1446 1476 1571 1523 fami-

288 1550 348 1597 lia
375 1547 508 1595 hodie
543 1564 756 1612 quoque,
789 1546 1085 1593 Constantine
1117 1547 1332 1604 maxime,
1357 1548 1571 1594 nobiliffin

289 1641 360 1671 ma
392 1623 477 1680 est,
502 1625 548 1670 δι
574 1639 651 1684 per
683 1635 724 1668 te
753 1622 873 1668 aneia
899 1623 946 1668 δε
979 1621 1210 1683 augenda,
1237 1637 1335 1683 quae
1361 1637 1438 1681 per
1462 1621 1571 1667 Gal-

286 1696 456 1742 lienum
488 1695 535 1742 &
569 1692 829 1739 Gordianos
861 1691 1103 1753 plurimum
1127 1690 1283 1738 crevit.
1313 1691 1397 1737 Hic
1421 1706 1567 1738 tamen

287 1782 416 1815 natus
447 1766 536 1811 lare
564 1765 775 1822 modico,
805 1764 1080 1826 patrimonio
1110 1763 1338 1825 pertenui,
1369 1765 1568 1825 parenti·-

285 1839 370 1886 bus
398 1838 575 1894 sanffis,
607 1851 726 1900 patre
747 1836 944 1896 Ceionio
969 1836 1224 1893 Postumio,
1253 1850 1390 1882 matre
1420 1840 1567 1883 Aure·-

286 1912 346 1958 lia
370 1911 624 1968 Messalina,
649 1911 816 1973 primus
839 1911 923 1957 suis
951 1908 1204 1973 perentibus
1233 1909 1342 1965 fuit;
1368 1927 1465 1956 cum
1490 1925 1566 1954 ex·

285 1997 443 2046 ceptus
470 1998 625 2040 utero,
660 1985 783 2042 quod
815 1997 973 2030 contra
1003 1983 1368 2030 consuetudinem
1399 1999 1564 2044 puero·

283 2071 413 2111 rum,
433 2055 512 2117 qui
541 2053 808 2112 nascuntur,
828 2057 876 2102 ὅ(
906 2054 1048 2100 solent
1077 2054 1263 2111 rubere,
1291 2055 1562 2100 effercandi-

282 2126 512 2183 diffimus,
538 2130 722 2173 Albinus
743 2127 802 2173 est
827 2128 980 2173 diffls.
1000 2128 1140 2186 Quod
1162 2143 1318 2173 verum
1345 2127 1452 2183 effe,
1482 2143 1561 2188 pa-

280 2197 361 2243 tris
386 2197 570 2259 epistola
605 2200 659 2245 ad
694 2199 857 2245 AElium
888 2199 1130 2245 Bassianum
1163 2212 1268 2245 tunc
1302 2198 1560 2245 Proconsu-

280 2269 368 2315 lem
397 2269 561 2316 Africae
591 2271 688 2316 data
724 2272 917 2334 delignat
937 2307 950 2327 ,
983 2271 1157 2316 affinem
1203 2270 1448 2333 (quantum
1492 2271 1563 2316 vi:

283 2341 446 2404 detur)
475 2359 631 2388 eorum
660 2342 870 2404 ipsorum.
904 2342 1099 2404 Epistola
1135 2342 1314 2402 Cejonii
1347 2342 1559 2388 Pr=ssumii

279 2414 336 2463 ad
366 2414 530 2460 AElzum
558 2413 827 2462 Bassianum:
857 2417 993 2460 Filius
1024 2415 1128 2460 milu'
1157 2429 1280 2460 natus
1310 2413 1360 2478 est
1379 2415 1556 2474 septimo
