<?xml version="1.0" encoding="UTF-8"?>
<!DOCTYPE html PUBLIC "-//W3C//DTD XHTML 1.0 Transitional//EN"
    "http://www.w3.org/TR/xhtml1/DTD/xhtml1-transitional.dtd">
<html xmlns="http://www.w3.org/1999/xhtml" xml:lang="en" lang="en">
 <head>
  <title>
</title>
<meta http-equiv="Content-Type" content="text/html;charset=utf-8" />
  <meta name='ocr-system' content='tesseract 3.04.00' />
  <meta name='ocr-capabilities' content='ocr_page ocr_carea ocr_par ocr_line ocrx_word'/>
</head>
<body>
  <div class='ocr_page' id='page_1' title='image "./historiaeaugusta00bipouoft_0400.png"; bbox 0 0 1714 2807; ppageno 0'>
   <div class='ocr_carea' id='block_1_1' title="bbox 309 159 1345 215">
    <p class='ocr_par' dir='ltr' id='par_1_1' title="bbox 309 159 1345 215">
     <span class='ocr_line' id='line_1_1' title="bbox 309 159 1345 215; baseline 0.001 -9"><span class='ocrx_word' id='word_1_1' title='bbox 309 175 360 206; x_wconf 83' lang='lat'>10</span> <span class='ocrx_word' id='word_1_2' title='bbox 578 160 793 215; x_wconf 87' lang='lat' dir='ltr'>JULlI</span> <span class='ocrx_word' id='word_1_3' title='bbox 845 159 1345 207; x_wconf 84' lang='lat' dir='ltr'>CAPITOLINI</span> 
     </span>
    </p>
   </div>
   <div class='ocr_carea' id='block_1_2' title="bbox 293 263 1576 2511">
    <p class='ocr_par' dir='ltr' id='par_1_2' title="bbox 293 263 1569 896">
     <span class='ocr_line' id='line_1_2' title="bbox 297 263 1569 328; baseline 0.001 -16"><span class='ocrx_word' id='word_1_4' title='bbox 297 265 412 312; x_wconf 86' lang='lat' dir='ltr'>scios</span> <span class='ocrx_word' id='word_1_5' title='bbox 440 263 612 328; x_wconf 86' lang='lat' dir='ltr'>generis</span> <span class='ocrx_word' id='word_1_6' title='bbox 642 264 703 311; x_wconf 69' lang='lat' dir='ltr'>sui</span> <span class='ocrx_word' id='word_1_7' title='bbox 737 264 983 311; x_wconf 72' lang='lat' dir='ltr'>interemit:</span> <span class='ocrx_word' id='word_1_8' title='bbox 1018 265 1264 312; x_wconf 87' lang='lat' dir='ltr'>nonnullos</span> <span class='ocrx_word' id='word_1_9' title='bbox 1297 264 1427 312; x_wconf 86' lang='lat' dir='ltr'>etiam</span> <span class='ocrx_word' id='word_1_10' title='bbox 1455 265 1569 313; x_wconf 87' lang='lat' dir='ltr'>ami-</span> 
     </span>
     <span class='ocr_line' id='line_1_3' title="bbox 297 337 1568 401; baseline 0.001 -16"><span class='ocrx_word' id='word_1_11' title='bbox 297 354 399 395; x_wconf 78' lang='lat' dir='ltr'>c03,</span> <span class='ocrx_word' id='word_1_12' title='bbox 416 339 492 401; x_wconf 88' lang='lat' dir='ltr'>qui</span> <span class='ocrx_word' id='word_1_13' title='bbox 520 338 558 383; x_wconf 88' lang='lat' dir='ltr'>ei</span> <span class='ocrx_word' id='word_1_14' title='bbox 585 337 696 400; x_wconf 79' lang='lat' dir='ltr'>saepe</span> <span class='ocrx_word' id='word_1_15' title='bbox 725 337 1039 385; x_wconf 80' lang='lat' dir='ltr'>misericordiae</span> <span class='ocrx_word' id='word_1_16' title='bbox 1065 355 1115 386; x_wconf 89' lang='lat' dir='ltr'>ac</span> <span class='ocrx_word' id='word_1_17' title='bbox 1135 338 1309 400; x_wconf 87' lang='lat' dir='ltr'>pietatis</span> <span class='ocrx_word' id='word_1_18' title='bbox 1327 337 1451 386; x_wconf 86' lang='lat' dir='ltr'>causa</span> <span class='ocrx_word' id='word_1_19' title='bbox 1473 339 1568 401; x_wconf 85' lang='lat' dir='ltr'>ple-</span> 
     </span>
     <span class='ocr_line' id='line_1_4' title="bbox 295 414 1569 477; baseline 0.002 -18"><span class='ocrx_word' id='word_1_20' title='bbox 295 429 429 475; x_wconf 83' lang='lat' dir='ltr'>raque</span> <span class='ocrx_word' id='word_1_21' title='bbox 463 414 755 460; x_wconf 80' lang='lat' dir='ltr'>donaverant.</span> <span class='ocrx_word' id='word_1_22' title='bbox 790 430 934 477; x_wconf 88' lang='lat' dir='ltr'>neque</span> <span class='ocrx_word' id='word_1_23' title='bbox 958 414 1074 460; x_wconf 90' lang='lat' dir='ltr'>enim</span> <span class='ocrx_word' id='word_1_24' title='bbox 1109 414 1193 461; x_wconf 84' lang='lat' dir='ltr'>fuit</span> <span class='ocrx_word' id='word_1_25' title='bbox 1228 414 1447 462; x_wconf 82' lang='lat' dir='ltr'>crudelius</span> <span class='ocrx_word' id='word_1_26' title='bbox 1469 415 1569 462; x_wconf 88' lang='lat' dir='ltr'>ani·-</span> 
     </span>
     <span class='ocr_line' id='line_1_5' title="bbox 294 487 1569 551; baseline 0.003 -19"><span class='ocrx_word' id='word_1_27' title='bbox 294 490 382 533; x_wconf 87' lang='lat' dir='ltr'>mal</span> <span class='ocrx_word' id='word_1_28' title='bbox 419 487 463 532; x_wconf 89' lang='lat' dir='ltr'>in</span> <span class='ocrx_word' id='word_1_29' title='bbox 494 487 647 534; x_wconf 87' lang='lat' dir='ltr'>terris:</span> <span class='ocrx_word' id='word_1_30' title='bbox 681 488 833 535; x_wconf 82' lang='lat' dir='ltr'>omnia</span> <span class='ocrx_word' id='word_1_31' title='bbox 871 488 928 534; x_wconf 85' lang='lat' dir='ltr'>fic</span> <span class='ocrx_word' id='word_1_32' title='bbox 959 489 1004 534; x_wconf 90' lang='lat' dir='ltr'>in</span> <span class='ocrx_word' id='word_1_33' title='bbox 1038 488 1206 535; x_wconf 88' lang='lat' dir='ltr'>viribus</span> <span class='ocrx_word' id='word_1_34' title='bbox 1243 488 1328 535; x_wconf 89' lang='lat' dir='ltr'>suis</span> <span class='ocrx_word' id='word_1_35' title='bbox 1365 505 1569 551; x_wconf 90' lang='lat' dir='ltr'>ponens,</span> 
     </span>
     <span class='ocr_line' id='line_1_6' title="bbox 293 557 1567 621; baseline 0.003 -18"><span class='ocrx_word' id='word_1_36' title='bbox 293 557 410 619; x_wconf 80' lang='lat' dir='ltr'>quali</span> <span class='ocrx_word' id='word_1_37' title='bbox 436 575 529 605; x_wconf 91' lang='lat' dir='ltr'>non</span> <span class='ocrx_word' id='word_1_38' title='bbox 552 559 690 620; x_wconf 81' lang='lat' dir='ltr'>poffet</span> <span class='ocrx_word' id='word_1_39' title='bbox 715 558 875 605; x_wconf 88' lang='lat' dir='ltr'>occidi.</span> <span class='ocrx_word' id='word_1_40' title='bbox 905 558 1117 621; x_wconf 89' lang='lat' dir='ltr'>Denique</span> <span class='ocrx_word' id='word_1_41' title='bbox 1140 577 1241 607; x_wconf 90' lang='lat' dir='ltr'>cum</span> <span class='ocrx_word' id='word_1_42' title='bbox 1268 560 1567 608; x_wconf 82' lang='lat' dir='ltr'>immortalem</span> 
     </span>
     <span class='ocr_line' id='line_1_7' title="bbox 294 623 1568 696; baseline 0.002 -19"><span class='ocrx_word' id='word_1_43' title='bbox 294 630 336 677; x_wconf 92' lang='lat' dir='ltr'>se</span> <span class='ocrx_word' id='word_1_44' title='bbox 369 649 511 695; x_wconf 86' lang='lat' dir='ltr'>prope</span> <span class='ocrx_word' id='word_1_45' title='bbox 547 633 741 680; x_wconf 76' lang='lat' dir='ltr'>crederet</span> <span class='ocrx_word' id='word_1_46' title='bbox 774 633 835 678; x_wconf 92' lang='lat' dir='ltr'>ob</span> <span class='ocrx_word' id='word_1_47' title='bbox 870 633 1219 695; x_wconf 80' lang='lat' dir='ltr'>magnitudinem</span> <span class='ocrx_word' id='word_1_48' title='bbox 1258 623 1463 696; x_wconf 79' lang='lat' dir='ltr'>corporis</span> <span class='ocrx_word' id='word_1_49' title='bbox 1501 634 1568 680; x_wconf 86' lang='lat' dir='ltr'>sui</span> 
     </span>
     <span class='ocr_line' id='line_1_8' title="bbox 293 703 1568 767; baseline 0.002 -18"><span class='ocrx_word' id='word_1_50' title='bbox 293 703 577 760; x_wconf 62' lang='lat' dir='ltr'>virtutis-we,</span> <span class='ocrx_word' id='word_1_51' title='bbox 597 704 756 750; x_wconf 90' lang='lat' dir='ltr'>mimus</span> <span class='ocrx_word' id='word_1_52' title='bbox 776 703 951 767; x_wconf 84' lang='lat' dir='ltr'>quidam</span> <span class='ocrx_word' id='word_1_53' title='bbox 972 704 1220 761; x_wconf 80' lang='lat' dir='ltr'>intheatro,</span> <span class='ocrx_word' id='word_1_54' title='bbox 1239 705 1450 767; x_wconf 84' lang='lat' dir='ltr'>praesente</span> <span class='ocrx_word' id='word_1_55' title='bbox 1471 706 1568 758; x_wconf 89' lang='lat' dir='ltr'>illo,</span> 
     </span>
     <span class='ocr_line' id='line_1_9' title="bbox 293 775 1569 840; baseline 0.004 -19"><span class='ocrx_word' id='word_1_56' title='bbox 293 775 456 822; x_wconf 77' lang='lat' dir='ltr'>dicitur</span> <span class='ocrx_word' id='word_1_57' title='bbox 477 795 622 823; x_wconf 56' lang='lat' dir='ltr'>veriu„</span> <span class='ocrx_word' id='word_1_58' title='bbox 643 779 828 824; x_wconf 80' lang='lat' dir='ltr'>Graecos</span> <span class='ocrx_word' id='word_1_59' title='bbox 850 775 1030 836; x_wconf 73' lang='lat' dir='ltr'>dixisse,</span> <span class='ocrx_word' id='word_1_60' title='bbox 1048 793 1243 840; x_wconf 87' lang='lat' dir='ltr'>quorum</span> <span class='ocrx_word' id='word_1_61' title='bbox 1266 779 1361 827; x_wconf 88' lang='lat' dir='ltr'>haec</span> <span class='ocrx_word' id='word_1_62' title='bbox 1379 791 1470 825; x_wconf 86' lang='lat' dir='ltr'>erat</span> <span class='ocrx_word' id='word_1_63' title='bbox 1489 781 1569 826; x_wconf 86' lang='lat' dir='ltr'>La-</span> 
     </span>
     <span class='ocr_line' id='line_1_10' title="bbox 295 848 646 896; baseline 0.009 -2"><span class='ocrx_word' id='word_1_64' title='bbox 295 851 383 894; x_wconf 85' lang='lat' dir='ltr'>tina</span> <span class='ocrx_word' id='word_1_65' title='bbox 411 848 646 896; x_wconf 61' lang='lat' dir='ltr'>sentes-tia:</span> 
     </span>
    </p>

    <p class='ocr_par' dir='ltr' id='par_1_3' title="bbox 356 923 1535 986">
     <span class='ocr_line' id='line_1_11' title="bbox 356 923 1535 986; baseline 0.006 -21"><span class='ocrx_word' id='word_1_66' title='bbox 356 923 398 965; x_wconf 90' lang='lat' dir='ltr'><em>E</em></span> <span class='ocrx_word' id='word_1_67' title='bbox 402 937 418 965; x_wconf 84' lang='lat' dir='ltr'>t</span> <span class='ocrx_word' id='word_1_68' title='bbox 433 924 502 981; x_wconf 75' lang='lat' dir='ltr'>qui</span> <span class='ocrx_word' id='word_1_69' title='bbox 526 925 578 966; x_wconf 84' lang='lat' dir='ltr'>ab</span> <span class='ocrx_word' id='word_1_70' title='bbox 597 941 679 967; x_wconf 80' lang='lat' dir='ltr'>uno</span> <span class='ocrx_word' id='word_1_71' title='bbox 702 941 786 968; x_wconf 77' lang='lat' dir='ltr'>non</span> <span class='ocrx_word' id='word_1_72' title='bbox 800 923 927 986; x_wconf 65' lang='lat' dir='ltr'>potest</span> <span class='ocrx_word' id='word_1_73' title='bbox 942 926 1098 978; x_wconf 81' lang='lat' dir='ltr'>occidi,</span> <span class='ocrx_word' id='word_1_74' title='bbox 1118 941 1144 967; x_wconf 80' lang='lat' dir='ltr'><em>a</em></span> <span class='ocrx_word' id='word_1_75' title='bbox 1165 927 1307 971; x_wconf 79' lang='lat' dir='ltr'>mulu‘s</span> <span class='ocrx_word' id='word_1_76' title='bbox 1327 924 1535 972; x_wconf 74' lang='lat' dir='ltr'>occiditur.</span> 
     </span>
    </p>

    <p class='ocr_par' dir='ltr' id='par_1_4' title="bbox 355 993 1142 1060">
     <span class='ocr_line' id='line_1_12' title="bbox 355 993 1142 1060; baseline 0.005 -22"><span class='ocrx_word' id='word_1_77' title='bbox 355 996 542 1054; x_wconf 70' lang='lat' dir='ltr'>Elephas</span> <span class='ocrx_word' id='word_1_78' title='bbox 555 999 729 1056; x_wconf 76' lang='lat' dir='ltr'>grandis</span> <span class='ocrx_word' id='word_1_79' title='bbox 747 997 799 1060; x_wconf 84' lang='lat' dir='ltr'>est</span> <span class='ocrx_word' id='word_1_80' title='bbox 817 1031 827 1050; x_wconf 83' lang='grc'>,</span> <span class='ocrx_word' id='word_1_81' title='bbox 849 993 891 1040; x_wconf 68' lang='lat' dir='ltr'>G’</span> <span class='ocrx_word' id='word_1_82' title='bbox 915 999 1142 1044; x_wconf 71' lang='lat' dir='ltr'>occiditur.-</span> 
     </span>
    </p>

    <p class='ocr_par' dir='ltr' id='par_1_5' title="bbox 355 1066 984 1129">
     <span class='ocr_line' id='line_1_13' title="bbox 355 1066 984 1129; baseline 0.005 -17"><span class='ocrx_word' id='word_1_83' title='bbox 355 1070 436 1112; x_wconf 82' lang='lat' dir='ltr'>Leo</span> <span class='ocrx_word' id='word_1_84' title='bbox 448 1067 579 1125; x_wconf 75' lang='lat' dir='ltr'>foreis</span> <span class='ocrx_word' id='word_1_85' title='bbox 599 1070 650 1129; x_wconf 73' lang='lat' dir='ltr'>est</span> <span class='ocrx_word' id='word_1_86' title='bbox 663 1103 674 1124; x_wconf 94' lang='lat'>,</span> <span class='ocrx_word' id='word_1_87' title='bbox 700 1066 743 1114; x_wconf 60' lang='grc' dir='ltr'>δ’</span> <span class='ocrx_word' id='word_1_88' title='bbox 759 1071 984 1115; x_wconf 72' lang='lat' dir='ltr'>occiditur.-</span> 
     </span>
    </p>

    <p class='ocr_par' dir='ltr' id='par_1_6' title="bbox 360 1141 1034 1206">
     <span class='ocr_line' id='line_1_14' title="bbox 360 1141 1034 1206; baseline 0.006 -22"><span class='ocrx_word' id='word_1_89' title='bbox 360 1142 497 1201; x_wconf 83' lang='lat' dir='ltr'>Tigris</span> <span class='ocrx_word' id='word_1_90' title='bbox 503 1143 634 1198; x_wconf 78' lang='lat' dir='ltr'>fortis</span> <span class='ocrx_word' id='word_1_91' title='bbox 653 1143 704 1206; x_wconf 68' lang='lat' dir='ltr'><em>ss</em></span> <span class='ocrx_word' id='word_1_92' title='bbox 715 1178 728 1198; x_wconf 92' lang='lat'>,</span> <span class='ocrx_word' id='word_1_93' title='bbox 750 1141 792 1188; x_wconf 52' lang='grc' dir='ltr'>ὃ»</span> <span class='ocrx_word' id='word_1_94' title='bbox 810 1146 1034 1188; x_wconf 77' lang='lat' dir='ltr'>occiditur:</span> 
     </span>
    </p>

    <p class='ocr_par' dir='ltr' id='par_1_7' title="bbox 293 1214 1574 2000">
     <span class='ocr_line' id='line_1_15' title="bbox 361 1214 1172 1278; baseline 0.004 -20"><span class='ocrx_word' id='word_1_95' title='bbox 361 1214 470 1258; x_wconf 81' lang='lat' dir='ltr'>Cave</span> <span class='ocrx_word' id='word_1_96' title='bbox 486 1219 637 1259; x_wconf 81' lang='lat' dir='ltr'>multos</span> <span class='ocrx_word' id='word_1_97' title='bbox 654 1249 665 1270; x_wconf 93' lang='lat'><em>‚</em></span> <span class='ocrx_word' id='word_1_98' title='bbox 674 1215 724 1278; x_wconf 82' lang='lat' dir='ltr'><strong><em>fi</em></strong></span> <span class='ocrx_word' id='word_1_99' title='bbox 724 1215 919 1278; x_wconf 76' lang='lat' dir='ltr'>singulos</span> <span class='ocrx_word' id='word_1_100' title='bbox 937 1234 1021 1259; x_wconf 77' lang='lat' dir='ltr'>tzorz</span> <span class='ocrx_word' id='word_1_101' title='bbox 1043 1217 1172 1262; x_wconf 78' lang='lat' dir='ltr'>times.</span> 
     </span>
     <span class='ocr_line' id='line_1_16' title="bbox 293 1286 1568 1349; baseline 0.002 -18"><span class='ocrx_word' id='word_1_102' title='bbox 293 1286 347 1332; x_wconf 87' lang='lat' dir='ltr'>Et</span> <span class='ocrx_word' id='word_1_103' title='bbox 368 1286 462 1332; x_wconf 85' lang='lat' dir='ltr'>haec</span> <span class='ocrx_word' id='word_1_104' title='bbox 481 1289 750 1348; x_wconf 81' lang='lat' dir='ltr'>Imperatore</span> <span class='ocrx_word' id='word_1_105' title='bbox 770 1287 865 1349; x_wconf 78' lang='lat' dir='ltr'>ipso</span> <span class='ocrx_word' id='word_1_106' title='bbox 886 1288 1098 1349; x_wconf 68' lang='lat' dir='ltr'>praesente</span> <span class='ocrx_word' id='word_1_107' title='bbox 1120 1287 1206 1346; x_wconf 84' lang='lat' dir='ltr'>jam</span> <span class='ocrx_word' id='word_1_108' title='bbox 1229 1287 1343 1335; x_wconf 66' lang='lat' dir='ltr'>dicta</span> <span class='ocrx_word' id='word_1_109' title='bbox 1367 1287 1478 1334; x_wconf 89' lang='lat' dir='ltr'>sunt.</span> <span class='ocrx_word' id='word_1_110' title='bbox 1498 1286 1568 1334; x_wconf 87' lang='lat' dir='ltr'>sed</span> 
     </span>
     <span class='ocr_line' id='line_1_17' title="bbox 293 1357 1572 1421; baseline 0.002 -19"><span class='ocrx_word' id='word_1_111' title='bbox 293 1373 395 1403; x_wconf 91' lang='lat' dir='ltr'>cum</span> <span class='ocrx_word' id='word_1_112' title='bbox 429 1357 704 1403; x_wconf 80' lang='lat' dir='ltr'>Maximinus</span> <span class='ocrx_word' id='word_1_113' title='bbox 733 1357 1026 1420; x_wconf 85' lang='lat' dir='ltr'>interrogaret</span> <span class='ocrx_word' id='word_1_114' title='bbox 1055 1360 1250 1415; x_wconf 83' lang='lat' dir='ltr'>amicos,</span> <span class='ocrx_word' id='word_1_115' title='bbox 1282 1360 1389 1421; x_wconf 84' lang='lat' dir='ltr'>quid</span> <span class='ocrx_word' id='word_1_116' title='bbox 1422 1360 1572 1405; x_wconf 89' lang='lat' dir='ltr'>mimi-</span> 
     </span>
     <span class='ocr_line' id='line_1_18' title="bbox 293 1429 1572 1494; baseline 0 -18"><span class='ocrx_word' id='word_1_117' title='bbox 293 1445 373 1476; x_wconf 87' lang='lat' dir='ltr'>cus</span> <span class='ocrx_word' id='word_1_118' title='bbox 408 1429 555 1477; x_wconf 86' lang='lat' dir='ltr'>scurra</span> <span class='ocrx_word' id='word_1_119' title='bbox 589 1429 788 1486; x_wconf 79' lang='lat' dir='ltr'>dixiffet3</span> <span class='ocrx_word' id='word_1_120' title='bbox 820 1430 982 1477; x_wconf 64' lang='lat' dir='ltr'>dietum</span> <span class='ocrx_word' id='word_1_121' title='bbox 1021 1431 1082 1477; x_wconf 91' lang='lat' dir='ltr'>est</span> <span class='ocrx_word' id='word_1_122' title='bbox 1115 1431 1178 1484; x_wconf 83' lang='lat' dir='ltr'>ei,</span> <span class='ocrx_word' id='word_1_123' title='bbox 1209 1432 1333 1494; x_wconf 85' lang='lat' dir='ltr'>quod</span> <span class='ocrx_word' id='word_1_124' title='bbox 1361 1431 1572 1494; x_wconf 88' lang='lat' dir='ltr'>antiquos</span> 
     </span>
     <span class='ocr_line' id='line_1_19' title="bbox 294 1501 1570 1565; baseline 0.002 -18"><span class='ocrx_word' id='word_1_125' title='bbox 294 1501 446 1548; x_wconf 85' lang='lat' dir='ltr'>versus</span> <span class='ocrx_word' id='word_1_126' title='bbox 476 1515 703 1560; x_wconf 79' lang='lat' dir='ltr'>cantaret,</span> <span class='ocrx_word' id='word_1_127' title='bbox 729 1517 884 1550; x_wconf 88' lang='lat' dir='ltr'>contra</span> <span class='ocrx_word' id='word_1_128' title='bbox 908 1503 1113 1550; x_wconf 86' lang='lat' dir='ltr'>homines</span> <span class='ocrx_word' id='word_1_129' title='bbox 1146 1503 1324 1565; x_wconf 86' lang='lat' dir='ltr'>asperos</span> <span class='ocrx_word' id='word_1_130' title='bbox 1357 1503 1570 1565; x_wconf 86' lang='lat' dir='ltr'>scriptos:</span> 
     </span>
     <span class='ocr_line' id='line_1_20' title="bbox 295 1576 1571 1635; baseline 0 -12"><span class='ocrx_word' id='word_1_131' title='bbox 295 1577 345 1623; x_wconf 89' lang='lat'>&amp;</span> <span class='ocrx_word' id='word_1_132' title='bbox 371 1576 472 1635; x_wconf 89' lang='lat' dir='ltr'>ille,</span> <span class='ocrx_word' id='word_1_133' title='bbox 501 1590 551 1624; x_wconf 91' lang='lat' dir='ltr'>ut</span> <span class='ocrx_word' id='word_1_134' title='bbox 582 1590 675 1624; x_wconf 87' lang='lat' dir='ltr'>erat</span> <span class='ocrx_word' id='word_1_135' title='bbox 701 1578 854 1625; x_wconf 84' lang='lat' dir='ltr'>Thrax</span> <span class='ocrx_word' id='word_1_136' title='bbox 880 1580 930 1626; x_wconf 87' lang='lat'>&amp;</span> <span class='ocrx_word' id='word_1_137' title='bbox 962 1578 1200 1634; x_wconf 84' lang='lat' dir='ltr'>barbarus,</span> <span class='ocrx_word' id='word_1_138' title='bbox 1238 1576 1439 1624; x_wconf 82' lang='lat' dir='ltr'>credidit.</span> <span class='ocrx_word' id='word_1_139' title='bbox 1470 1578 1571 1623; x_wconf 73' lang='lat' dir='ltr'>No=</span> 
     </span>
     <span class='ocr_line' id='line_1_21' title="bbox 295 1649 1573 1714; baseline 0.002 -21"><span class='ocrx_word' id='word_1_140' title='bbox 295 1649 429 1695; x_wconf 88' lang='lat' dir='ltr'>bilem</span> <span class='ocrx_word' id='word_1_141' title='bbox 452 1650 565 1698; x_wconf 82' lang='lat' dir='ltr'>circa</span> <span class='ocrx_word' id='word_1_142' title='bbox 586 1651 626 1697; x_wconf 94' lang='lat' dir='ltr'>se</span> <span class='ocrx_word' id='word_1_143' title='bbox 647 1651 869 1698; x_wconf 88' lang='lat' dir='ltr'>neminem</span> <span class='ocrx_word' id='word_1_144' title='bbox 892 1651 1031 1714; x_wconf 79' lang='lat' dir='ltr'>paffus</span> <span class='ocrx_word' id='word_1_145' title='bbox 1057 1650 1140 1707; x_wconf 90' lang='lat' dir='ltr'>est,</span> <span class='ocrx_word' id='word_1_146' title='bbox 1161 1650 1340 1712; x_wconf 85' lang='lat' dir='ltr'>prorsus</span> <span class='ocrx_word' id='word_1_147' title='bbox 1367 1662 1416 1696; x_wconf 91' lang='lat' dir='ltr'>ut</span> <span class='ocrx_word' id='word_1_148' title='bbox 1437 1651 1573 1712; x_wconf 86' lang='lat' dir='ltr'>Spar-</span> 
     </span>
     <span class='ocr_line' id='line_1_22' title="bbox 296 1723 1572 1786; baseline 0 -18"><span class='ocrx_word' id='word_1_149' title='bbox 296 1723 381 1769; x_wconf 86' lang='lat' dir='ltr'>taci</span> <span class='ocrx_word' id='word_1_150' title='bbox 413 1736 487 1769; x_wconf 83' lang='lat' dir='ltr'>aut</span> <span class='ocrx_word' id='word_1_151' title='bbox 518 1724 784 1770; x_wconf 84' lang='lat' dir='ltr'>Athenionis</span> <span class='ocrx_word' id='word_1_152' title='bbox 819 1725 1029 1786; x_wconf 79' lang='lat' dir='ltr'>exemplo</span> <span class='ocrx_word' id='word_1_153' title='bbox 1066 1723 1316 1785; x_wconf 85' lang='lat' dir='ltr'>imperaret.</span> <span class='ocrx_word' id='word_1_154' title='bbox 1357 1723 1572 1768; x_wconf 83' lang='lat' dir='ltr'>Praeterea</span> 
     </span>
     <span class='ocr_line' id='line_1_23' title="bbox 295 1794 1574 1842; baseline 0.001 -4"><span class='ocrx_word' id='word_1_155' title='bbox 295 1808 452 1840; x_wconf 86' lang='lat' dir='ltr'>omnes</span> <span class='ocrx_word' id='word_1_156' title='bbox 483 1797 722 1842; x_wconf 82' lang='lat' dir='ltr'>Alexandri</span> <span class='ocrx_word' id='word_1_157' title='bbox 752 1795 977 1842; x_wconf 85' lang='lat' dir='ltr'>ministros</span> <span class='ocrx_word' id='word_1_158' title='bbox 1005 1794 1137 1840; x_wconf 86' lang='lat' dir='ltr'>variis</span> <span class='ocrx_word' id='word_1_159' title='bbox 1167 1794 1313 1840; x_wconf 88' lang='lat' dir='ltr'>modis</span> <span class='ocrx_word' id='word_1_160' title='bbox 1334 1794 1574 1840; x_wconf 88' lang='lat' dir='ltr'>interemit.</span> 
     </span>
     <span class='ocr_line' id='line_1_24' title="bbox 296 1865 1572 1930; baseline 0.001 -20"><span class='ocrx_word' id='word_1_161' title='bbox 296 1865 680 1928; x_wconf 78' lang='lat' dir='ltr'>Dispositionibus</span> <span class='ocrx_word' id='word_1_162' title='bbox 705 1867 798 1930; x_wconf 85' lang='lat' dir='ltr'>ejus</span> <span class='ocrx_word' id='word_1_163' title='bbox 821 1867 1001 1914; x_wconf 87' lang='lat' dir='ltr'>invidit.</span> <span class='ocrx_word' id='word_1_164' title='bbox 1029 1868 1076 1914; x_wconf 90' lang='lat'>&amp;</span> <span class='ocrx_word' id='word_1_165' title='bbox 1101 1867 1206 1912; x_wconf 89' lang='lat' dir='ltr'>dum</span> <span class='ocrx_word' id='word_1_166' title='bbox 1242 1865 1462 1926; x_wconf 64' lang='lat' dir='ltr'>suspeClos</span> <span class='ocrx_word' id='word_1_167' title='bbox 1497 1865 1572 1911; x_wconf 88' lang='lat' dir='ltr'>ha-</span> 
     </span>
     <span class='ocr_line' id='line_1_25' title="bbox 295 1937 1524 2000; baseline -0.002 -15"><span class='ocrx_word' id='word_1_168' title='bbox 295 1938 373 1985; x_wconf 89' lang='lat' dir='ltr'>bet</span> <span class='ocrx_word' id='word_1_169' title='bbox 396 1939 563 1986; x_wconf 83' lang='lat' dir='ltr'>amicos</span> <span class='ocrx_word' id='word_1_170' title='bbox 585 1958 634 1988; x_wconf 88' lang='lat' dir='ltr'>ac</span> <span class='ocrx_word' id='word_1_171' title='bbox 657 1940 881 1986; x_wconf 83' lang='lat' dir='ltr'>ministros</span> <span class='ocrx_word' id='word_1_172' title='bbox 907 1939 1025 2000; x_wconf 81' lang='lat' dir='ltr'>ejus,</span> <span class='ocrx_word' id='word_1_173' title='bbox 1045 1938 1270 1986; x_wconf 85' lang='lat' dir='ltr'>crudelior</span> <span class='ocrx_word' id='word_1_174' title='bbox 1291 1937 1428 1985; x_wconf 62' lang='lat' dir='ltr'>faRus</span> <span class='ocrx_word' id='word_1_175' title='bbox 1448 1938 1524 1984; x_wconf 88' lang='lat' dir='ltr'>est.</span> 
     </span>
    </p>

    <p class='ocr_par' dir='ltr' id='par_1_8' title="bbox 295 2010 1576 2511">
     <span class='ocr_line' id='line_1_26' title="bbox 361 2010 1576 2067; baseline -0.001 -9"><span class='ocrx_word' id='word_1_176' title='bbox 361 2012 422 2059; x_wconf 87' lang='lat' dir='ltr'>X.</span> <span class='ocrx_word' id='word_1_177' title='bbox 449 2013 566 2057; x_wconf 86' lang='lat' dir='ltr'>Cum</span> <span class='ocrx_word' id='word_1_178' title='bbox 596 2013 701 2058; x_wconf 74' lang='lat' dir='ltr'>efl&#39;et</span> <span class='ocrx_word' id='word_1_179' title='bbox 726 2013 783 2058; x_wconf 84' lang='lat' dir='ltr'>ita</span> <span class='ocrx_word' id='word_1_180' title='bbox 807 2025 1004 2060; x_wconf 88' lang='lat' dir='ltr'>moratus</span> <span class='ocrx_word' id='word_1_181' title='bbox 1021 2047 1033 2067; x_wconf 95' lang='lat'><strong>‚</strong></span> <span class='ocrx_word' id='word_1_182' title='bbox 1053 2028 1100 2058; x_wconf 87' lang='lat' dir='ltr'>ut</span> <span class='ocrx_word' id='word_1_183' title='bbox 1126 2011 1314 2057; x_wconf 89' lang='lat' dir='ltr'>ferarum</span> <span class='ocrx_word' id='word_1_184' title='bbox 1346 2028 1473 2058; x_wconf 89' lang='lat' dir='ltr'>more</span> <span class='ocrx_word' id='word_1_185' title='bbox 1500 2010 1576 2057; x_wconf 89' lang='lat' dir='ltr'>vi-</span> 
     </span>
     <span class='ocr_line' id='line_1_27' title="bbox 298 2083 1574 2141; baseline 0 -11"><span class='ocrx_word' id='word_1_186' title='bbox 298 2097 424 2130; x_wconf 85' lang='lat' dir='ltr'>veret</span> <span class='ocrx_word' id='word_1_187' title='bbox 442 2120 456 2141; x_wconf 95' lang='lat'><em>‚</em></span> <span class='ocrx_word' id='word_1_188' title='bbox 478 2084 645 2130; x_wconf 79' lang='lat' dir='ltr'>tristior</span> <span class='ocrx_word' id='word_1_189' title='bbox 672 2087 720 2132; x_wconf 84' lang='lat'>&amp;</span> <span class='ocrx_word' id='word_1_190' title='bbox 749 2084 984 2131; x_wconf 82' lang='lat' dir='ltr'>immanior</span> <span class='ocrx_word' id='word_1_191' title='bbox 1009 2083 1146 2130; x_wconf 63' lang='lat' dir='ltr'>fafius</span> <span class='ocrx_word' id='word_1_192' title='bbox 1174 2084 1233 2130; x_wconf 89' lang='lat' dir='ltr'>est</span> <span class='ocrx_word' id='word_1_193' title='bbox 1262 2083 1455 2130; x_wconf 59' lang='lat' dir='ltr'>faciione</span> <span class='ocrx_word' id='word_1_194' title='bbox 1477 2085 1574 2130; x_wconf 89' lang='lat' dir='ltr'>Ma·</span> 
     </span>
     <span class='ocr_line' id='line_1_28' title="bbox 295 2155 1573 2219; baseline 0.001 -18"><span class='ocrx_word' id='word_1_195' title='bbox 295 2156 373 2219; x_wconf 85' lang='lat' dir='ltr'>gni</span> <span class='ocrx_word' id='word_1_196' title='bbox 402 2155 623 2216; x_wconf 79' lang='lat' dir='ltr'>cujusdam</span> <span class='ocrx_word' id='word_1_197' title='bbox 650 2156 893 2203; x_wconf 83' lang='lat' dir='ltr'>consularis</span> <span class='ocrx_word' id='word_1_198' title='bbox 928 2156 1016 2202; x_wconf 89' lang='lat' dir='ltr'>viri</span> <span class='ocrx_word' id='word_1_199' title='bbox 1044 2169 1200 2203; x_wconf 82' lang='lat' dir='ltr'>contra</span> <span class='ocrx_word' id='word_1_200' title='bbox 1229 2155 1269 2202; x_wconf 90' lang='lat' dir='ltr'>se</span> <span class='ocrx_word' id='word_1_201' title='bbox 1299 2169 1472 2217; x_wconf 84' lang='lat' dir='ltr'>parata:</span> <span class='ocrx_word' id='word_1_202' title='bbox 1495 2155 1573 2218; x_wconf 90' lang='lat' dir='ltr'>qui</span> 
     </span>
     <span class='ocr_line' id='line_1_29' title="bbox 297 2227 1576 2277; baseline -0.002 -2"><span class='ocrx_word' id='word_1_203' title='bbox 297 2245 397 2275; x_wconf 87' lang='lat' dir='ltr'>cum</span> <span class='ocrx_word' id='word_1_204' title='bbox 418 2229 568 2277; x_wconf 85' lang='lat' dir='ltr'>multis</span> <span class='ocrx_word' id='word_1_205' title='bbox 587 2230 800 2276; x_wconf 86' lang='lat' dir='ltr'>militibus</span> <span class='ocrx_word' id='word_1_206' title='bbox 822 2231 868 2275; x_wconf 86' lang='lat'>&amp;</span> <span class='ocrx_word' id='word_1_207' title='bbox 889 2227 1246 2275; x_wconf 85' lang='lat' dir='ltr'>Centurionibus</span> <span class='ocrx_word' id='word_1_208' title='bbox 1265 2229 1319 2274; x_wconf 86' lang='lat' dir='ltr'>ad</span> <span class='ocrx_word' id='word_1_209' title='bbox 1339 2244 1440 2274; x_wconf 89' lang='lat' dir='ltr'>eum</span> <span class='ocrx_word' id='word_1_210' title='bbox 1458 2243 1576 2275; x_wconf 88' lang='lat' dir='ltr'>con·</span> 
     </span>
     <span class='ocr_line' id='line_1_30' title="bbox 297 2301 1572 2364; baseline -0.003 -13"><span class='ocrx_word' id='word_1_211' title='bbox 297 2301 558 2351; x_wconf 83' lang='lat' dir='ltr'>fodiendum</span> <span class='ocrx_word' id='word_1_212' title='bbox 587 2302 823 2350; x_wconf 80' lang='lat' dir='ltr'>confilium</span> <span class='ocrx_word' id='word_1_213' title='bbox 854 2302 1037 2357; x_wconf 85' lang='lat' dir='ltr'>inierat,</span> <span class='ocrx_word' id='word_1_214' title='bbox 1067 2319 1167 2348; x_wconf 88' lang='lat' dir='ltr'>cum</span> <span class='ocrx_word' id='word_1_215' title='bbox 1199 2302 1244 2347; x_wconf 92' lang='lat' dir='ltr'>in</span> <span class='ocrx_word' id='word_1_216' title='bbox 1267 2302 1307 2349; x_wconf 89' lang='lat' dir='ltr'>se</span> <span class='ocrx_word' id='word_1_217' title='bbox 1335 2302 1572 2364; x_wconf 86' lang='lat' dir='ltr'>imperium</span> 
     </span>
     <span class='ocr_line' id='line_1_31' title="bbox 298 2374 1572 2437; baseline -0.001 -17"><span class='ocrx_word' id='word_1_218' title='bbox 298 2375 533 2422; x_wconf 82' lang='lat' dir='ltr'>transferre</span> <span class='ocrx_word' id='word_1_219' title='bbox 556 2389 749 2437; x_wconf 80' lang='lat' dir='ltr'>cuperet.</span> <span class='ocrx_word' id='word_1_220' title='bbox 771 2376 824 2420; x_wconf 81' lang='lat' dir='ltr'>Et</span> <span class='ocrx_word' id='word_1_221' title='bbox 844 2391 979 2436; x_wconf 72' lang='lat' dir='ltr'>genus</span> <span class='ocrx_word' id='word_1_222' title='bbox 1003 2375 1208 2421; x_wconf 67' lang='lat' dir='ltr'>faftionis</span> <span class='ocrx_word' id='word_1_223' title='bbox 1229 2374 1315 2421; x_wconf 89' lang='lat' dir='ltr'>fuit</span> <span class='ocrx_word' id='word_1_224' title='bbox 1340 2375 1440 2422; x_wconf 83' lang='lat' dir='ltr'>tale.</span> <span class='ocrx_word' id='word_1_225' title='bbox 1468 2391 1572 2421; x_wconf 89' lang='lat' dir='ltr'>cum</span> 
     </span>
     <span class='ocr_line' id='line_1_32' title="bbox 298 2447 1571 2511; baseline -0.001 -16"><span class='ocrx_word' id='word_1_226' title='bbox 298 2461 436 2511; x_wconf 83' lang='lat' dir='ltr'>ponte</span> <span class='ocrx_word' id='word_1_227' title='bbox 448 2447 602 2511; x_wconf 64' lang='lat' dir='ltr'>junsso</span> <span class='ocrx_word' id='word_1_228' title='bbox 619 2449 662 2495; x_wconf 88' lang='lat' dir='ltr'>in</span> <span class='ocrx_word' id='word_1_229' title='bbox 677 2450 928 2497; x_wconf 80' lang='lat' dir='ltr'>Germanos</span> <span class='ocrx_word' id='word_1_230' title='bbox 941 2448 1117 2496; x_wconf 79' lang='lat' dir='ltr'>transire</span> <span class='ocrx_word' id='word_1_231' title='bbox 1133 2447 1402 2497; x_wconf 81' lang='lat' dir='ltr'>Maximinus</span> <span class='ocrx_word' id='word_1_232' title='bbox 1417 2447 1571 2505; x_wconf 87' lang='lat' dir='ltr'>vellet,</span> 
     </span>
    </p>
   </div>
  </div>
 </body>
</html>
