1637 2785
1274 135 1369 183 207

116 365 412 436 FLAVII
452 362 814 430 VOPISCI
852 363 1330 435 SYRACUSII

386 567 442 641 P
489 567 559 640 R
605 564 681 639 O
732 565 788 639 B
836 562 912 639 U
962 562 1029 639 S.

481 777 971 789 ——--——

73 974 106 1018 Ι.
142 929 412 1018 CERTUM
427 964 507 1021 est,
527 963 652 1027 quod
669 961 898 1010 Sallustius
916 960 1128 1024 Crispus,
1150 962 1370 1027 quodque

73 1047 254 1091 Marcus
274 1044 412 1098 Cam,
430 1042 477 1087 &
494 1037 691 1095 Gellius,
717 1036 946 1094 historici,
968 1035 1199 1083 sententiae
1228 1039 1372 1085 modo

73 1117 120 1162 in
153 1116 302 1162 literas
343 1112 618 1169 retulerunt,
659 1114 817 1157 Omnes
849 1113 1038 1156 onmium
1069 1112 1237 1157 virtutes
1274 1129 1373 1157 tcm-

75 1207 141 1235 cas
172 1187 271 1251 effe,
297 1201 477 1247 quantas
509 1186 637 1229 viden·
665 1201 734 1227 eas
762 1185 971 1228 voluerim
1000 1200 1136 1228 eorum
1175 1186 1373 1243 ingenia,

74 1264 145 1322 qui
173 1258 489 1318 uniuscujusque
502 1254 626 1313 faHa
653 1254 946 1314 descripserint.
979 1254 1086 1298 Inde
1114 1252 1225 1311 effe,
1244 1255 1374 1316 quod

76 1334 332 1380 Alexander
367 1333 560 1392 Magnus
595 1328 787 1374 Macedo
811 1362 825 1384 ,
858 1344 960 1387 cum
993 1327 1049 1373 ad
1083 1326 1273 1374 Achillis
1304 1327 1375 1374 se-

73 1407 280 1487 Rulcrum
308 1402 520 1458 veniffet,
544 1400 743 1463 graviter
765 1400 1086 1463 ingemiscens,
1119 1403 1296 1448 Felicem
1317 1418 1372 1460 te,

59 1477 221 1541 ,inquit
241 1512 255 1534 ,
280 1477 480 1533 juvenis,
510 1477 583 1535 qui
615 1477 738 1520 talem
762 1492 992 1535 praeconem
1031 1490 1196 1520 tuarum
1238 1477 1374 1521 virm-

74 1567 161 1597 tum
180 1550 385 1616 repensti:
407 1549 658 1594 Homerum
687 1547 878 1610 intelligi
904 1547 1096 1603 volens,
1116 1548 1193 1610 qui
1220 1548 1372 1595 Achil-

72 1625 162 1671 lem
181 1636 355 1669 tantum
382 1622 428 1668 in
449 1621 669 1668 virtutum
678 1611 838 1667 studio
858 1619 991 1666 finxit
1006 1634 1258 1700 ,quantum
1281 1622 1372 1683 ipse

72 1695 292 1743 valebat
281 1693 483 1758 ingenio.
507 1691 738 1753 Quorsum
759 1692 857 1739 haec
883 1693 1159 1755 pertineant,
1184 1693 1245 1738 mi
1268 1693 1373 1739 Cel-

74 1769 148 1827 se,
177 1784 233 1814 ne
262 1766 451 1813 fortaffis
480 1765 711 1828 requiras,
740 1766 941 1811 Probum
979 1765 1264 1827 Principem,
1293 1783 1373 1813 cu-

73 1838 362 1902 jus=imperio
392 1837 586 1895 Oriens,
616 1836 871 1894 Occidens,
904 1837 1145 1897 Meridies,
1167 1839 1372 1900 Septem-

74 1913 196 1970 trio,
229 1911 478 1975 omnesque
506 1910 631 1956 orbis
654 1923 796 1970 partes
831 1910 877 1955 in
908 1923 1051 1957 totam
1090 1911 1371 1958 securitatem

74 1986 261 2032 redaciae
274 1985 394 2042 sunt,
413 1982 682 2045 scriptorum
703 1984 858 2046 inopia
876 1981 963 2046 jam
986 2001 1115 2046 paene
1134 1985 1371 2032 nescimus.

75 2057 290 2114 Occidit,
323 2073 408 2120 pro
448 2054 627 2118 pudor!
668 2058 778 2101 tanti
816 2056 905 2102 viri
948 2058 998 2103 &
1034 2057 1130 2102 talis
1159 2057 1373 2115 historia,

74 2132 251 2192 qualem
281 2148 377 2177 non
403 2131 569 2176 habent
590 2129 704 2176 bella
735 2130 933 2186 Punica,
957 2114 1052 2177 no¹n
1080 2144 1228 2177 terror
1258 2132 1372 2178 Gal-

74 2203 216 2261 licus,
241 2219 336 2249 non
365 2216 516 2248 motus
548 2202 752 2256 Pontici,
786 2219 880 2248 non
922 2203 1223 2264 Hispaniensis
1255 2204 1372 2250 astu-

76 2276 152 2322 tia.
184 2276 267 2321 Sed
298 2292 392 2320 non
424 2275 566 2337 patiar
598 2290 686 2336 ego
725 2275 832 2330 ille,
864 2291 888 2319 a
920 2292 1014 2337 quo
1050 2276 1215 2320 dudum
1255 2277 1373 2323 solus

81 2350 348 2396 Aurelianus
367 2351 426 2395 est
447 2349 690 2411 expetitus,
709 2349 838 2411 cujus
862 2351 1002 2396 vitam
1019 2387 1032 2407 ,
1052 2365 1267 2414 quantum
1289 2367 1373 2413 po-

82 2422 170 2478 tui,
207 2424 488 2487 persecutus,
520 2423 686 2470 Tacito
718 2424 1022 2488 Florianoque
1055 2424 1142 2486 jam
1176 2424 1375 2487 scriptis,
