1714 2807
349 190 411 247 84
599 152 1359 233 JULIICAPIT'OLlNl

346 290 404 338 cii
426 288 532 336 Veri
553 288 669 335 vitio
686 323 701 347 ,
721 288 791 335 sed
809 288 958 346 Caffii,
981 305 1004 334 a
1026 304 1121 351 quo
1143 299 1300 335 contra
1317 285 1450 332 fidem
1471 286 1622 334 Seleu-

342 363 437 421 cia,
462 380 561 426 quae
588 376 635 410 ut
666 362 832 410 amicos
864 362 1027 408 milites
1061 361 1237 408 nostros
1266 372 1516 421 receperat,
1544 377 1622 406 ex—

341 448 539 499 pugnata
556 435 631 482 est.
655 435 779 497 quod
794 434 974 496 quidem
1000 435 1116 480 inter
1145 449 1318 480 ceteros
1345 433 1475 479 etiam
1496 434 1622 492 Qua-

340 510 492 557 dratus
508 546 522 569 ,
536 510 640 557 belli
666 510 855 556 Parthici
876 508 1090 571 scriptor,
1118 508 1322 555 incusatis
1342 507 1590 554 Seleucenis
1604 543 1620 564 ,

338 582 420 645 qui
449 581 581 628 fidem
614 581 741 643 primi
768 595 1008 642 ruperant,
1035 592 1204 644 purgat.
1230 580 1394 627 Habuit
1420 581 1531 627 hanc
1552 597 1620 627 re-

340 655 591 701 verentiam
612 655 751 701 Marci
771 656 937 712 Verus5
960 669 1007 701 ut
1032 655 1215 700 nomina
1231 689 1245 711 ,
1266 671 1366 717 quae
1395 654 1473 699 fibi
1500 654 1620 700 dela·-

335 739 381 774 ta
405 728 603 785 fuerant,
625 745 725 774 cum
747 726 881 774 fratre
905 727 1258 774 communicaret
1286 727 1356 772 die
1380 725 1616 787 triumphi,

336 818 467 864 quem
494 801 654 863 pariter
679 801 972 848 celebrarunt.
995 800 1217 847 Reversus
1241 817 1264 847 e
1289 800 1498 848 Parthico
1523 801 1615 847 bel-

332 875 382 921 lo
400 910 413 931 ‚
435 876 609 922 minore
639 873 756 921 circa
779 873 957 920 fratrem
988 877 1109 921 cultu
1140 873 1224 920 fuit
1252 876 1418 921 Verus:
1442 892 1540 921 nam
1565 875 1616 922 &

328 946 790 994 libertisinhonestius
812 947 1017 1004 indulsit,
1039 953 1086 995 6<
1105 949 1241 993 multa
1260 946 1349 994 fine
1371 946 1503 994 fratre
1524 947 1612 994 dis-

330 1021 608 1085 posuitsHis
635 1020 839 1078 acceffit,
862 1020 1015 1084 quod,
1048 1020 1166 1083 quasi
1199 1036 1324 1082 reges
1355 1021 1529 1083 aliquos
1558 1021 1613 1067 ad

331 1094 610 1155 triumphum
632 1094 885 1152 adduceret,
908 1094 965 1141 fic
989 1093 1222 1140 histriones
1242 1093 1393 1139 eduxit
1413 1110 1435 1139 e
1456 1093 1610 1156 Syr-ia:

326 1182 521 1229 quorum
556 1167 807 1228 praecipuus
833 1165 915 1213 fuit
946 1166 1248 1222 Maximinus,
1281 1182 1413 1228 quem
1443 1165 1610 1212 Paridis

327 1239 515 1286 nomine
554 1239 844 1300 nuncupavit.
873 1238 1036 1285 Villam
1071 1251 1281 1300 praeterea
1312 1237 1530 1284 exstruxit
1561 1237 1610 1284 in

326 1313 403 1358 via
432 1313 594 1359 Clodia
626 1311 950 1358 famofissimam
970 1346 983 1368 ,
1003 1311 1048 1357 in
1070 1327 1156 1373 qua
1186 1311 1430 1372 permultos
1451 1310 1540 1357 dies
1559 1313 1609 1359 &

325 1387 417 1449 ipse
435 1387 602 1451 ingenti
625 1386 799 1433 luxuria
821 1386 1113 1432 debacchatus
1133 1386 1192 1432 est
1213 1403 1315 1432 cum
1335 1386 1501 1432 libertis
1523 1386 1607 1433 suis

322 1463 373 1508 &
400 1460 554 1507 amicis
584 1459 787 1521 paribus,
820 1475 1011 1521 quorum
1044 1458 1287 1521 praesentiae
1312 1458 1435 1505 nulla
1462 1459 1605 1506 inerat

324 1531 605 1588 reverentia;
627 1534 675 1580 δι
701 1533 905 1579 Marcum
933 1532 1140 1595 rogavit,
1160 1533 1237 1595 qui
1271 1532 1425 1589 venit,
1446 1545 1492 1578 ut
1520 1531 1601 1578 fra-

322 1608 382 1654 tri
407 1606 703 1653 venerabilem
719 1622 896 1653 morum
918 1606 1099 1652 suorum
1118 1608 1166 1654 &
1186 1603 1440 1652 imitandam
1458 1605 1601 1652 osten-

320 1680 444 1726 deret
480 1678 843 1734 sanffltudinem‚
878 1679 926 1725 δε
957 1678 1158 1740 quinque
1191 1677 1343 1723 diebus
1374 1676 1422 1724 in
1447 1677 1601 1724 eadem

322 1752 433 1798 villa
458 1751 671 1808 residens,
692 1751 1029 1814 cognitionibus
1063 1750 1292 1798 continuis
1312 1765 1494 1811 operam
1522 1749 1600 1796 de-

320 1823 412 1880 dit,
446 1835 521 1868 aut
553 1823 834 1870 convivante
862 1823 1020 1879 fratre,
1054 1834 1128 1868 aut
1161 1819 1381 1869 convivia
1412 1836 1597 1882 compa-

317 1908 459 1944 rante.
480 1895 646 1942 Habuit
665 1898 713 1943 &
732 1896 983 1960 Agrippam·
1004 1895 1261 1942 histrionem
1278 1930 1290 1951 ,
1319 1893 1391 1941 cui
1421 1909 1598 1956 cogno-

319 1983 518 2016 mentum
544 1982 636 2015 erat
659 1970 885 2031 Memphi,
911 1986 1041 2033 quem
1063 1971 1111 2016 δι
1140 1970 1277 2031 ipsum
1300 1984 1323 2014 e
1340 1969 1469 2031 Syria
1500 1969 1595 2015 vel-

317 2041 383 2088 uti
423 2042 673 2104 trophaeum
708 2043 960 2090 Parthicum
996 2042 1271 2097 adduxerat;
1301 2058 1432 2102 quem
1465 2044 1593 2103 Apo-

315 2112 503 2159 laustum
526 2113 793 2160 nominavit.
830 2114 1085 2159 Adduxerat
1116 2113 1263 2160 secum
1285 2114 1335 2159 &
1364 2111 1593 2171 fidicinas,

313 2187 362 2233 &
399 2184 629 2238 tibicines,
648 2186 696 2231 &
728 2184 989 2241 histriones,
1017 2185 1267 2246 scurrasque
1289 2184 1515 2230 mimarios
1542 2186 1591 2232 &

310 2256 674 2319 praestigiatores,
693 2257 739 2302 &
759 2256 911 2302 omnia
930 2256 1254 2320 mancipiorum
1271 2272 1430 2318 genera
1448 2292 1458 2312 ,
1475 2272 1588 2319 quo·

312 2346 411 2374 rum
441 2329 568 2391 Syria
595 2331 645 2375 &
669 2329 938 2375 Alexandria
965 2329 1150 2392 pascitur
1183 2329 1439 2390 voluptate3
1462 2345 1587 2390 pror-

309 2404 378 2450 sus
416 2417 465 2449 ut
496 2404 722 2450 videretur
749 2403 942 2462 bellum,
975 2419 1069 2453 non
1103 2403 1381 2463 Parthicum,
1413 2401 1485 2449 sed
1519 2400 1586 2447 hi-

307 2474 571 2525 strionicum
605 2473 858 2526 confeciffe·
