1637 2785
223 161 342 209 JUL.
376 157 658 208 CAPITOL.
693 158 1072 206 GoRmANUS
1107 159 1235 206 JUN.
1320 174 1380 222 45

157 266 326 333 XV111,
354 270 402 312 ln
430 265 583 312 studiis
610 264 877 327 graviffimae
904 259 1138 326 opinionis
1157 264 1270 322 fuir,
1290 264 1390 310 for-

93 353 166 386 ma
197 339 492 400 conspicuus,
521 336 756 382 memoriae
786 336 1041 398 singularis,
1071 337 1286 382 bonitatis
1314 337 1389 382 in-

93 411 248 475 ¹signis,
277 413 390 457 adeo
430 420 480 456 ut
520 408 690 469 semper
721 408 767 453 in
794 407 990 467 scholis,
1022 409 1053 454 fi
1092 410 1194 472 quis
1226 426 1392 470 puero-

94 502 193 532 rum
225 486 567 540 verberaretur,
595 482 670 528 ille
701 481 906 529 lacrimas
939 498 1032 529 non
1057 494 1244 531 teneret.
1265 485 1392 531 Sere-

94 573 158 603 no
179 550 471 603 Sammonico
486 591 500 613 ‚
521 555 599 617 qui
624 555 740 618 patri
761 554 854 616 ejus
879 554 1190 613 amiciffimus,
1208 556 1288 602 fibi
1310 574 1392 602 au-

90 640 182 676 tem
213 642 466 692 praeceptor
497 627 612 686 fuit,
644 627 778 674 nimis
810 642 1050 692 acceptus,
1079 629 1128 675 δε
1160 645 1284 675 carus
1317 628 1394 676 us·-

91 717 181 764 que
206 704 348 760 adeo,
378 714 426 747 ut
456 717 615 749 omnes
646 701 787 747 libros
820 701 971 748 Sereni
999 701 1275 748 Sammonici
1311 719 1395 762 pa-

91 775 174 822 tris
202 775 292 834 sui,
318 774 396 837 qui
428 775 724 823 censebantur
757 773 813 820 ad
838 773 1064 838 sexaginta
1088 775 1138 821 &
1165 774 1258 820 duo
1286 775 1393 820 mil-

91 847 178 907 lia,
194 849 435 896 Gordiano
451 848 618 897 minori
638 847 838 896 moriens
858 848 934 894 ille
955 847 1249 911 relinqueret:
1265 848 1393 910 quod

92 941 195 972 eum
232 923 288 970 ad
323 923 490 971 coelum
527 922 644 970 tulit.
680 921 896 984 fiquidem
932 932 1065 967 tantae
1102 921 1393 968 bibliothecae

95 997 230 1058 copia
261 997 310 1043 &
347 995 587 1059 splendore
624 995 846 1050 donatus,
881 994 927 1040 in
961 993 1122 1041 famam
1155 996 1395 1042 hominum

91 1070 320 1116 literarum
348 1070 513 1117 decore
537 1067 761 1132 pervenit.
794 1067 1075 1128 Quaesturam
1118 1068 1396 1132 Heliogaba-

91 1143 142 1189 lo
169 1144 350 1189 auclore
375 1140 656 1205 promeruit,
675 1140 852 1188 idcirco
877 1142 1003 1204 quod
1039 1142 1274 1189 luxurioso
1304 1146 1395 1190 Im-

93 1216 289 1281 peratori
322 1215 500 1263 lascivia
527 1215 706 1275 juvenis
723 1251 737 1274 ,
760 1231 853 1261 non
884 1228 1034 1261 tamen
1057 1215 1288 1263 luxuriosa
1311 1234 1393 1264 ne-

92 1306 180 1352 que
216 1289 422 1346 infamis,
455 1288 697 1351 praedicata
734 1289 808 1336 est.
846 1290 1087 1335 Praeturam
1126 1290 1393 1336 Alexandro

92 1363 276 1410 auclore
298 1363 513 1410 urbanam
548 1363 721 1421 tenuit,
750 1361 796 1409 in
823 1379 913 1425 qua
944 1374 1093 1409 tantus
1119 1361 1394 1423 jurisdiffio-

93 1437 164 1483 nis
194 1436 333 1501 gratia
365 1436 475 1497 fuit,
505 1450 554 1483 ut
578 1437 721 1483 statim
744 1436 1074 1495 Consulatum,
1099 1453 1232 1499 quem
1268 1448 1394 1498 pater

93 1510 193 1556 sero
221 1523 479 1572 acceperat,
503 1521 762 1557 mereretur.
794 1509 1064 1567 Maximini,
1087 1510 1159 1556 seu
1193 1509 1389 1570 ejusdem

95 1580 376 1638 Alexandri,
421 1581 705 1642 temporibus
743 1581 797 1627 ad
838 1581 1212 1629 proconsulatum
1253 1580 1393 1643 patris

94 1651 243 1698 miffus
273 1654 488 1715 Legatus,
515 1652 576 1699 est
609 1653 871 1700 obsecutus:
901 1666 1033 1717 atque
1061 1653 1168 1701 illie·
1187 1670 1266 1710 ea,
1287 1671 1392 1718 quae

94 1723 296 1785 superius
317 1725 431 1771 dicia
455 1724 579 1782 sunt,
602 1726 906 1789 contigerunt.

161 1797 288 1843 XIX.
308 1798 407 1844 Fuit
426 1796 526 1843 vini
545 1798 780 1860 cupidior,
800 1800 971 1861 semper
988 1811 1136 1845 tamen
1155 1799 1394 1847 undecuma

94 1886 182 1932 que
209 1870 412 1926 conditi,
442 1887 561 1918 nunc
586 1871 714 1926 rosa,
749 1889 871 1919 nunc
897 1872 1130 1930 mastiche,
1163 1891 1283 1920 nunc
1311 1873 1396 1923 ab-?

94 1943 292 2001 finthio,
318 1943 564 2006 ceterisque
596 1945 730 1992 rebus
746 1981 757 2002 ,
782 1946 947 2008 quibus
971 1946 1071 2009 gula
1100 1947 1297 1993 maxime
1319 1947 1393 1993 de-

93 2014 294 2063 leflaturss
323 2015 429 2062 Cibi
457 2033 614 2078 parcus
632 2049 647 2072 ‚
668 2018 726 2064 ita
755 2031 805 2064 ut
832 2017 947 2065 intra
974 2019 1183 2081 puncium
1210 2033 1394 2082 tempo-

93 2087 176 2145 ris,
206 2087 287 2133 vel.
308 2089 576 2150 prandium,
608 2089 639 2134 fi
669 2090 930 2150 pranderet,
965 2090 1042 2136 vel
1076 2106 1255 2137 coenam
1288 2090 1394 2137 fini-

95 2172 177 2205 ret.
203 2159 448 2206 Mulierum
478 2161 802 2223 cupidiffimus:
834 2162 1030 2208 habuisse
1059 2179 1159 2208 eum
1193 2156 1412 2209 decreras¹

93 2230 177 2277 fibi
207 2233 485 2297 concubinas
521 2233 685 2298 viginti
723 2236 772 2280 ὅ(
799 2235 906 2280 duas
937 2234 1093 2282 fertur.
1133 2252 1189 2280 ex
1225 2235 1394 2297 quibus

46 2312 49 2314 ’
96 2305 309 2352 omnibus
339 2318 494 2352 ternos
524 2307 573 2353 &
596 2319 841 2368 quaternos
862 2305 982 2351 filios
1010 2307 1208 2369 reliquit.
1241 2307 1393 2368 appel·

96 2376 299 2440 latusque
328 2378 388 2423 est
418 2378 480 2423 sui
504 2379 721 2440 temporis
746 2382 979 2435 Priamus;
1001 2396 1135 2442 quem
1160 2380 1300 2442 vulgo
1323 2379 1396 2439 jo-

97 2463 250 2498 cantes
265 2485 279 2511 ,
297 2451 422 2514 quod
437 2449 541 2498 esset
556 2462 715 2498 natura
733 2452 1032 2515 propenfior,
1053 2454 1272 2513 Priapum,
1295 2468 1394 2500 non
