1714 2807
307 156 398 202 126
563 149 1327 200 JULIICAP1TOL1N1

303 263 392 309 lem
413 259 751 317 declinandum,
776 275 895 306 nunc
915 258 968 304 ad
997 257 1174 320 spiritus
1198 255 1582 319 opportunitatem

303 351 384 396 per
417 333 709 396 vertiginem:
750 334 800 379 &
833 332 917 377 alia
948 331 1031 377 iter
1073 332 1330 391 metientia,
1366 329 1586 391 horasque

307 408 627 464 monstrantia;
668 410 717 455 &
767 420 910 455 cetera
955 407 1077 453 vitiis
1121 407 1214 466 ejus
1254 403 1587 453 convenientia.

308 481 522 528 Reddidit
552 497 762 542 praeterea
789 480 983 525 dominis
1011 496 1114 536 eos,
1141 480 1215 541 qui
1245 481 1286 524 se
1314 496 1368 525 ex
1406 476 1591 540 privatis

308 556 518 603 domibus
546 554 591 600 in
620 554 762 599 aulam
799 553 1099 599 contulerant.
1131 552 1419 598 Convivium
1447 551 1591 611 impe-

308 628 530 675 ratorium
570 642 624 672 ex
663 624 883 670 immenso
917 624 971 670 ad
1001 637 1171 670 certum
1215 622 1457 669 revocavit
1494 637 1592 666 mo-

309 701 429 747 dum.
447 699 613 745 sumtus
628 697 761 744 etiam
779 713 936 743 omnes
952 696 1197 743 Commodi
1213 696 1416 741 reddidit.
1434 697 1593 741 Exem-

312 775 390 838 plo
414 789 558 819 autem
583 771 893 834 Imperatoris,
920 787 1022 817 cum
1054 770 1128 815 ille
1156 769 1330 831 parcius
1353 769 1393 814 se
1417 781 1594 831 ageret,

313 863 369 892 ex
401 846 604 890 omnium
638 844 918 890 continentia
953 843 1102 889 vilitas
1136 855 1233 888 nata
1264 842 1339 888 est.
1374 859 1474 888 nam
1509 841 1595 887 im-

312 920 590 979 peratorium
619 918 839 974 sumtum,
869 918 998 979 pulsis
1027 933 1120 963 non
1155 915 1429 974 necessariis,
1451 915 1504 962 ad
1527 914 1596 961 so·

315 993 382 1038 liti
410 992 644 1038 dimidium
676 991 880 1038 detraxit.

397 1064 478 1110 lX.
521 1063 702 1109 Praemia
735 1063 1026 1110 militantibus
1062 1062 1224 1125 posuit.
1262 1063 1337 1109 AEs
1375 1060 1598 1114 alienum,

316 1137 440 1199 quod
472 1136 620 1196 primo
650 1136 824 1198 imperii
856 1150 1058 1197 tempore
1097 1147 1412 1193 contraxerat,
1439 1132 1601 1180 solvit:

316 1210 521 1256 aerarium
559 1210 606 1255 in
642 1210 768 1256 suurn
808 1210 964 1255 statum
1003 1210 1199 1256 restituit.
1238 1211 1306 1256 Ad
1339 1225 1476 1271 opera
1516 1224 1603 1270 pu-

317 1283 434 1330 blica
463 1295 635 1328 certum
666 1282 858 1328 sumtum
886 1282 1131 1329 constituit.
1165 1282 1480 1328 Reformandis
1514 1279 1600 1327 suis

321 1356 560 1418 pecuniam
590 1356 811 1402 contulit:
843 1355 1055 1417 stipendia
1090 1355 1293 1417 plurimis
1326 1366 1448 1400 retro
1482 1352 1605 1399 debi-

322 1442 365 1474 ta
395 1427 605 1474 exsolvit.
637 1428 872 1475 Obeundis
901 1429 1127 1490 postremo
1154 1428 1322 1476 cunetis
1348 1426 1606 1474 muneribus

323 1501 477 1548 fiscum
505 1516 653 1562 parem
684 1499 805 1547 fecit.
834 1501 1124 1547 Alimentaria
1157 1499 1287 1547 etiam
1315 1499 1608 1563 compendia,

324 1591 426 1636 quae
464 1589 633 1618 novem
673 1589 897 1619 annorum
929 1590 983 1619 ex
1017 1573 1223 1619 instituto
1254 1572 1437 1633 Trajani
1479 1572 1607 1618 debe·

327 1647 516 1702 bantur,
538 1645 756 1691 obdurata
785 1646 1054 1692 verecundia
1086 1645 1266 1692 sustulit.
1297 1644 1511 1691 Avaritiae
1537 1645 1609 1691 su-

325 1718 527 1780 spicione
559 1719 759 1779 privatus
788 1735 881 1764 non
915 1719 1085 1776 caruit,
1114 1736 1215 1766 cum
1247 1720 1364 1781 apud
1394 1718 1507 1765 vada
1534 1719 1611 1764 Sa—

327 1791 445 1838 batia
465 1791 679 1852 oppressis
703 1790 883 1838 foenore
904 1791 1218 1854 possessoribus
1233 1827 1245 1848 ,
1267 1791 1396 1838 latius
1423 1792 1525 1839 suos
1548 1804 1613 1837 te·

329 1875 453 1911 'neret
482 1863 608 1911 fines.
653 1864 866 1926 Denique
900 1881 953 1910 ex
994 1864 1122 1910 versu
1152 1865 1388 1911 Luciliano
1424 1870 1615 1928 agrarius

330 1955 488 1999 mergus
515 1936 577 1982 est
617 1936 880 1998 appellatus.
915 1936 1047 1981 Multi
1083 1949 1228 1982 autem
1263 1953 1365 1982 eum
1399 1937 1531 1983 etiam
1569 1937 1614 1983 in

332 2008 608 2073 provinciis,
634 2025 742 2071 quas
769 2009 1031 2054 Consularis
1057 2009 1204 2071 geffit,
1236 2008 1413 2055 sordide
1442 2009 1483 2055 se
1507 2008 1616 2072 egis-

333 2082 375 2129 se
406 2082 451 2128 in
478 2082 624 2128 literas
657 2083 857 2127 retulere.
885 2098 985 2126 nam
1013 2082 1272 2127 vacationes
1295 2083 1343 2129 &
1378 2082 1619 2143 legationes

333 2156 546 2203 militares
576 2154 738 2201 dicitur
769 2154 1028 2200 vendidisse.
1062 2156 1273 2217 Denique
1318 2171 1419 2201 cum
1457 2170 1616 2216 paren-

337 2241 430 2273 tum
456 2225 691 2272 minimum
714 2226 817 2272 ess'et
850 2226 1198 2286 patrimonium,
1223 2229 1270 2272 ἃ
1301 2227 1418 2271 nulla
1447 2226 1621 2272 heredi-

337 2312 404 2346 tas
444 2297 726 2352 obvenisset,
765 2297 911 2342 subito
949 2297 1076 2342 dives
1107 2297 1167 2343 est
1206 2297 1357 2344 fafilus.
1395 2299 1621 2345 Omnibus

339 2371 441 2418 sane
472 2371 757 2433 poss‘effiones
783 2370 877 2417 suas
908 2370 1122 2424 reddidit,
1152 2371 1311 2432 quibus
1339 2371 1622 2418 Commodus

339 2443 587 2501 ademera13
628 2444 699 2490 sed
739 2459 832 2492 non
869 2443 957 2491 fine
993 2443 1155 2506 pretio.
1198 2443 1374 2490 Senatui
1419 2443 1622 2508 legitimo
