1637 2785
1069 71 1078 91 Χ

282 159 1107 210 vssaustmpssaAsoR.
1273 156 1329 218 Q

56 289 155 321 cum
180 269 370 324 bellum,
405 266 566 313 Statius
604 265 800 319 Priscus,
834 266 881 311 δι
918 264 1106 310 Avidius
1136 260 1337 320 Gallius,

55 348 104 392 &
140 341 325 389 Martius
356 341 501 384 Verus
533 355 610 400 per
639 337 1008 400 quadriennium:
1031 338 1087 381 ita
1115 349 1161 381 ut
1186 337 1338 398 Baby·

55 417 207 461 lonem
233 414 279 459 &
306 412 498 459 Mediam
515 411 842 472 pervenirent,
869 410 919 455 &
945 407 1201 453 Armeniam
1242 410 1341 454 vin-

55 489 284 541 dicarent;
307 499 567 547 partumque
594 483 655 529 est
677 482 753 544 insi
781 497 948 527 nomen
967 482 1210 539 Armenici,
1229 483 1341 526 Par·

57 564 188 617 tlzici,
227 562 412 604 Medici:
439 558 564 620 quod
602 556 735 603 etiam
775 558 955 612 Marco,
987 557 1148 601 Romae
1193 554 1342 617 agenti

58 638 249 684 delatum
281 635 355 681 est.
388 633 488 698 Egit
523 644 670 680 autem
705 649 783 695 per
819 629 1161 695 quadriennium
1197 633 1345 680 Verus

59 710 249 758 hiemem
278 708 537 762 Laodiceae,
564 707 749 752 aestatem
784 705 900 766 apud
939 704 1196 766 Daphnen,
1235 707 1345 751 reli-

60 798 195 846 quam
240 792 405 841 partem
442 778 709 826 Antiochiae.
739 777 864 824 Risui
892 775 975 823 fuit
1007 778 1220 824 omnibus
1253 780 1346 840 Sy-

61 856 150 902 ris:
176 852 372 917 quorum
403 854 539 899 multa
571 852 702 914 joca,
722 852 770 898 in
802 853 974 898 theatro
1002 851 1047 896 in
1075 868 1174 897 eum
1205 851 1346 912 dista,

61 927 247 976 exstant.
277 930 450 973 Vernas
479 927 526 973 in
564 925 810 973 triclinium
842 926 1149 972 Saturnalibus
1174 927 1224 972 &
1250 925 1347 971 (lie-

64 1001 146 1047 bus
173 998 289 1046 festis
309 998 477 1060 semper
495 998 679 1045 admisit.
704 998 771 1044 Ad
792 998 1061 1060 Euphratem
1091 1011 1238 1043 tamen
1261 998 1348 1044 im*

65 1074 191 1138 pulsu
213 1073 428 1120 comitum
451 1073 631 1119 suorum
651 1073 844 1119 secundo
864 1071 1088 1134 profectus
1107 1073 1182 1118 est.
1204 1075 1348 1134 Ephe-

66 1147 159 1194 sum
186 1146 318 1192 etiam
351 1144 509 1201 rediit,
543 1159 594 1192 ut
626 1145 844 1192 Lucillam
866 1161 1097 1203 uxorem,
1124 1146 1290 1193 miss'am
1323 1165 1349 1196 a

67 1232 191 1282 patre
224 1219 412 1275 Marco,
444 1215 709 1279 susciperet3
740 1219 789 1264 &
827 1217 1000 1265 idcirco
1038 1218 1261 1274 maxime,
1294 1237 1350 1268 ne

68 1294 251 1338 Marcus
280 1307 382 1337 cum
407 1305 458 1336 ea
495 1289 541 1334 in
572 1289 747 1353 Syriam
768 1289 972 1346 veniret,
1001 1306 1052 1336 ac
1071 1289 1235 1354 flagitia
1254 1291 1352 1353 ejus

29 1423 31 1426 ι
69 1363 342 1429 agnosceret.
376 1379 474 1409 nam
505 1361 688 1426 Senatui
719 1364 895 1408 Marcus
921 1361 1118 1420 dixerat,
1142 1363 1184 1409 se
1215 1362 1353 1412 filiam

69 1438 116 1485 in
148 1437 323 1502 Syriam
355 1436 665 1483 deduehtrum.
698 1433 923 1482 Cont'eEto
958 1435 1058 1481 sane
1092 1435 1245 1493 bello,
1280 1453 1354 1483 re-

71 1526 159 1573 gna
186 1509 366 1571 regibus
383 1544 396 1566 ‚
417 1508 678 1570 provincias
699 1524 807 1554 vero
829 1507 1068 1554 comitibus
1091 1508 1177 1554 suis
1199 1525 1355 1573 regen-

72 1585 148 1628 das
191 1581 326 1628 dedit.
362 1582 554 1628 Romam
595 1582 698 1628 inde
737 1582 791 1627 ad
830 1579 1105 1643 triumphum
1146 1581 1356 1641 invitus,

74 1655 199 1719 quod
225 1654 401 1718 Syriam
432 1655 552 1718 quast
581 1672 763 1718 regnum
800 1654 920 1701 suum
957 1654 1252 1717 relinqueret,
1285 1673 1356 1703 re-

75 1728 190 1787 diit,
214 1729 262 1774 &
290 1727 452 1789 pariter
491 1745 591 1775 cum
633 1728 766 1774 fratre
800 1727 1118 1789 triumphavit,
1151 1727 1359 1792 susceptis

77 1817 101 1848 a
139 1803 301 1847 Senatu
333 1800 621 1858 nominibus,
658 1818 758 1863 quae
795 1801 840 1846 in
874 1800 1071 1847 exercitu
1111 1815 1360 1863 acceperat.

77 1875 232 1920 Fertur
251 1879 461 1936 praeterea
481 1874 536 1919 ad
559 1873 710 1920 amicae
738 1873 932 1936 vulgaris
953 1873 1182 1920 arbitrium
1205 1875 1248 1921 in
1272 1877 1362 1940 Sy-

78 1945 144 1992 ria
183 1945 372 2008 posuiss'e
410 1947 605 1995 barbam.
637 1948 755 1993 unde
786 1947 831 1991 in
870 1963 970 1993 eum
1007 1963 1032 1993 a
1068 1947 1194 2011 Syris
1222 1951 1362 1996 multa

79 2018 179 2065 sunt
203 2017 336 2065 dieta.

164 2091 280 2136 VIII.
317 2090 415 2137 Fuit
441 2090 534 2153 ejus
567 2090 677 2149 sati,
703 2104 752 2138 ut
784 2091 828 2137 in
857 2107 928 2138 eas
958 2091 1250 2154 provincias,
1287 2109 1364 2154 per

81 2179 190 2225 quas
217 2162 377 2222 rediit,
410 2166 597 2211 Romam
647 2167 787 2229 usque
811 2200 823 2218 ,
861 2167 977 2211 luem
1013 2165 1155 2211 secum
1195 2165 1366 2214 deferre

86 2235 326 2282 videretur.
358 2239 410 2283 Et
442 2253 542 2285 nara
576 2239 711 2286 fertur
739 2239 985 2301 pestilentia
1014 2240 1060 2284 in
1093 2240 1364 2302 Babylonia,

87 2307 164 2353 ubi
190 2309 244 2353 de
266 2308 435 2370 templo
462 2311 685 2372 Apollinis
711 2330 764 2358 ex
787 2313 931 2359 arcula
953 2328 1081 2358 aurea
1098 2346 1110 2367 ,
1132 2328 1262 2373 quam
1285 2314 1368 2359 mi-

89 2380 152 2426 les
184 2379 300 2426 forte
327 2381 571 2439 inciderat,
602 2384 776 2445 spiritus
805 2385 1008 2446 pestilens
1038 2383 1172 2429 evalit
1191 2418 1205 2441 ,
1238 2398 1368 2445 atque

93 2452 198 2500 inde
218 2455 402 2501 Partle
426 2456 670 2519 orbemque
694 2456 945 2519 cot-npleffe.
968 2457 1020 2500 Et
1041 2456 1131 2503 hoc
1160 2471 1254 2503 non
1278 2459 1371 2511 Lus

988 2523 1017 2567 F
1056 2537 1081 2565 2
