1714 2807
319 137 402 186 162
519 134 745 180 AEL11
812 133 1386 193 SPARTIANt

308 241 468 285 Romae
495 254 649 284 omnes
678 239 790 283 aedes
818 238 1016 300 pubIIcas
1032 273 1046 297 ,
1064 256 1166 302 quae
1188 239 1302 288 vitio
1323 251 1580 301 temporum

308 315 592 370 labebantur,
608 312 890 370 instauravit,
907 313 1118 375 nusquam
1141 329 1282 375 prope
1300 312 1377 358 suo
1397 310 1581 358 nomine

307 385 530 446 adscripto
545 420 559 442 ,
576 383 754 432 servatis
770 399 914 431 tamen
932 384 1097 446 ubique
1113 384 1251 430 titulis
1274 382 1580 431 conditorum.

307 457 511 504 Moriens
537 457 697 518 septem
728 474 950 503 annorum
980 473 1200 504 canonem
1220 493 1232 512 ‚
1266 458 1324 502 ita
1351 470 1398 502 ut
1424 457 1580 520 quoti-

305 531 432 577 diana
454 531 715 593 septuagena
739 531 937 593 quinque
955 529 1088 575 millia
1112 530 1368 575 modiorum
1389 528 1582 591 expendi

305 604 508 665 pofl‘ent,
540 604 743 664 reliquit:
773 602 862 648 olei
898 618 1011 648 vero
1042 616 1209 648 tantum
1228 637 1241 659 ‚
1265 618 1312 648 ut
1345 619 1423 663 per
1449 602 1582 665 quin·

306 678 552 741 quennium
580 694 672 722 non
702 677 845 722 solnm
876 674 1013 722 Urbis
1044 676 1190 721 usibus
1210 711 1223 732 ,
1261 675 1331 721 sed
1361 677 1410 722 &
1442 674 1582 722 totius

302 748 455 803 ltaliae,
473 764 573 811 quae
589 748 694 793 oleo
715 758 880 808 egeret,
902 746 1135 792 sufficeret.
1156 745 1323 792 Ultima
1341 745 1476 791 verba
1489 745 1584 806 ejus

303 823 514 871 dicuntur
541 824 634 869 haec
666 820 790 867 fuisse
811 838 826 866 .·
867 824 1091 866 Turbatam
1125 824 1410 882 rempublicam
1441 824 1584 882 ubique

305 901 440 955 accepi
462 931 475 953 ‚
502 911 700 956 pacatam
730 897 854 941 etiam
894 897 1116 940 Britannis
1149 898 1326 956 relinquo
1345 915 1361 942 :
1375 897 1509 954 finex
1541 895 1581 943 Θ

299 970 475 1030 pedibus
503 985 632 1028 aeger:
644 969 814 1026 firmum
837 970 1051 1026 imperium
1081 971 1314 1014 Antoninis
1333 972 1432 1014 meis
1461 971 1581 1012 relin·

304 1040 515 1104 quens,st
529 1042 628 1085 boni
643 1055 791 1094 erunc;
812 1039 1138 1103 imbecillum,fi
1155 1042 1270 1084 mali.
1288 1038 1406 1084 Juffit
1425 1039 1584 1085 deinde

303 1113 476 1176 fignum
513 1113 700 1157 tribuno
733 1112 859 1169 dari,
889 1114 1137 1158 Laboremus
1164 1131 1179 1157 .·
1218 1111 1318 1174 quia
1351 1111 1584 1170 Pertinax,

305 1184 487 1246 quando
516 1183 558 1227 in
592 1183 826 1244 imperium
858 1183 1046 1229 adscitus
1066 1184 1151 1239 est,
1175 1181 1341 1246 (ignum
1369 1183 1583 1242 dederat,

303 1259 554 1301 Militemus.
587 1257 825 1301 Fortunam
853 1254 1011 1300 deinde
1034 1255 1197 1316 regiam
1218 1290 1229 1311 ,
1247 1271 1344 1316 quae
1374 1256 1580 1301 comitari

302 1326 531 1387 Principes
567 1327 614 1371 ὅ(
654 1325 698 1370 in
733 1325 951 1372 cubiculis
981 1326 1091 1386 poni
1120 1325 1322 1383 solebat,
1358 1327 1581 1389 geminare

302 1399 536 1454 statuerat,
562 1409 609 1442 ut
632 1396 957 1443 sacratiffimum
987 1397 1266 1444 fimulacrum
1299 1399 1475 1462 utrique
1511 1416 1583 1446 re-

301 1472 527 1534 linqueret
554 1469 752 1516 filiorum
777 1488 787 1516 ε
817 1469 889 1516 sed
925 1487 1027 1516 cum
1054 1470 1252 1528 videret,
1283 1472 1323 1518 se
1355 1472 1582 1536 perurgeri

304 1544 384 1590 sub
410 1544 563 1588 horam
586 1543 764 1600 mortis,
789 1542 945 1603 juffiffe
970 1543 1132 1600 fertur,
1159 1556 1207 1589 ut
1231 1545 1405 1590 alternis
1428 1544 1581 1592 diebus

303 1617 422 1677 apud
444 1614 560 1662 filios
587 1618 878 1677 Imperatores
900 1615 945 1662 in
967 1615 1183 1663 cubiculis
1209 1619 1403 1663 Fortuna
1434 1634 1582 1680 pone-

303 1703 441 1735 retur.
463 1690 601 1748 Quod
628 1689 853 1734 Baffianus
881 1689 999 1751 prius
1026 1690 1287 1749 contemsit,
1306 1707 1436 1753 quam
1460 1690 1581 1738 face-

300 1774 370 1807 ret
405 1761 706 1821 parricidium.

367 1836 540 1882 XXIV.
574 1835 755 1896 Corpus
780 1834 875 1895 ejus
902 1851 925 1881 a
960 1835 1186 1882 Britannia
1218 1837 1408 1882 Romam
1442 1835 1580 1900 usque

301 1927 404 1958 cum
447 1925 603 1971 magna
644 1907 992 1969 provincialium
1038 1908 1286 1955 reverentia
1329 1908 1578 1970 susceptum

300 1981 390 2028 est:
419 1980 621 2041 quamvis
652 1980 786 2039 aliqui
813 1980 1014 2025 urnulam
1042 1996 1219 2025 auream
1252 1993 1421 2025 tantum
1455 1980 1579 2027 fuiffe

301 2054 481 2108 dicant,
501 2053 650 2098 Severi
686 2052 891 2114 reliquias
919 2052 1226 2098 continentem
1249 2088 1262 2108 ,
1301 2055 1578 2116 eandemque

298 2126 638 2173 Antoninorum
658 2124 861 2186 sepulcro
879 2125 1071 2182 illatam,
1097 2142 1198 2170 cum
1217 2127 1452 2187 Septimius
1474 2127 1577 2173 Per-

298 2199 423 2244 tinax
449 2200 641 2243 Severus
663 2197 754 2243 illic
769 2196 872 2252 ,ubi
893 2197 984 2242 vita
1008 2196 1180 2242 funerus
1198 2198 1398 2255 est,esset
1417 2197 1576 2244 incen-

299 2271 382 2318 sus.
399 2273 515 2318 Cum
536 2270 836 2332 Septizonium
860 2268 1048 2326 faceret,
1066 2270 1174 2315 nihil
1192 2270 1310 2316 aliud
1331 2271 1573 2333 cogitavit,

300 2362 433 2407 quam
452 2334 505 2391 ¹ut
530 2361 582 2390 ex
605 2344 755 2391 Africa
777 2343 1057 2389 venientibus
1083 2344 1206 2389 suum
1229 2360 1342 2405 opus
1362 2360 1575 2390 occurre-

299 2432 393 2467 ret:
420 2420 470 2468 &
496 2417 578 2467 nifi
604 2417 782 2466 absente
816 2433 873 2465 eo
905 2433 983 2481 per
1018 2415 1277 2466 Praefeoum
1312 2416 1447 2465 Urbis
1478 2432 1574 2465 me-
