1714 2807
340 168 427 214 130
527 153 958 199 TREBELLII
1006 155 1446 200 POLLIONIS

333 262 432 307 dam
472 258 1012 316 mulierem,·Gallienam
1047 260 1258 319 nomine,
1292 261 1607 308 consobrinam

332 331 557 386 Gallieni,
582 330 770 392 septimo
795 328 968 393 imperii
994 332 1064 378 die
1087 333 1346 379 interemtus
1371 332 1455 389 est,
1476 345 1607 395 atque

331 406 443 450 adeo
463 407 594 449 etiam
616 404 732 450 inter
757 403 973 452 obscuros
1003 406 1229 465 Principes
1251 406 1327 451 vix
1345 405 1506 451 relatus
1531 405 1607 451 est.

334 479 515 539 Corpus
549 475 642 535 ejus
670 493 694 522 a
728 477 912 524 canibus
949 478 1230 524 consumtum
1262 478 1322 523 est
1345 512 1359 535 ,
1392 477 1610 525 Siccensi-

332 552 439 605 bus,
473 550 549 613 qui
581 549 792 596 Gallieno
822 549 954 596 fidem
988 551 1298 606 servaveram,
1325 550 1607 613 perurgenti-

329 624 433 669 bus:
471 624 520 669 &
559 638 690 668 novo
726 621 902 681 injuriae
943 640 1104 684 genere
1150 624 1299 684 imago
1342 623 1387 668 in
1427 638 1607 670 crucem

329 696 497 743 sublata
515 732 528 751 ,
548 695 814 758 persultante
836 696 1002 758 vulgo,
1027 695 1145 759 quali
1167 694 1370 758 patibulo
1390 694 1480 758 ipse
1500 695 1608 742 Cel-

331 765 398 811 sus
420 764 648 812 videretur
668 768 841 815 affixus.

382 925 719 984 ·XXIX.
790 925 925 980 DE
994 927 1532 987 ZENOBIA.

331 1137 488 1186 XXX.
515 1096 738 1184 OMNIS
774 1132 859 1194 jam
894 1131 1155 1181 consumtus
1182 1131 1243 1179 est
1277 1132 1445 1195 pudor:
1475 1131 1611 1197 siqui·-

331 1213 430 1257 (lem
454 1208 633 1272 fatigata
659 1206 1118 1269 republica‚eousque
1145 1220 1412 1275 perventum
1428 1207 1512 1263 est,
1532 1219 1611 1265 ut,

330 1283 542 1329 Gallieno
568 1280 824 1342 nequiffime
850 1291 1030 1342 agente,
1056 1276 1229 1340 optime
1254 1280 1382 1327 etiam
1404 1280 1612 1328 mulieres

331 1356 616 1416 imperarent.
656 1352 703 1398 &
731 1351 913 1419 quidem
946 1351 1206 1413 peregrina,
1244 1354 1429 1399 nomine
1463 1354 1610 1401 Zeno·

332 1429 428 1483 bia,
455 1427 508 1474 de
533 1441 620 1488 qua
644 1422 730 1484 jam
763 1424 903 1470 multa
926 1423 1037 1470 di&a
1057 1423 1154 1470 sunt
1171 1460 1185 1482 ,
1209 1442 1308 1487 quae
1332 1425 1374 1472 se
1400 1427 1452 1473 de
1473 1427 1612 1473 Cleo-

330 1514 552 1562 patrarum
598 1497 1034 1558 Ptolemaeorumque
1076 1511 1209 1559 gente
1251 1497 1428 1557 jai-{taret
1447 1535 1461 1554 ,
1511 1498 1610 1562 post

331 1573 589 1620 Odenatum
624 1570 830 1616 maritum
863 1568 1081 1630 imperiali
1120 1568 1273 1633 sagulo
1312 1569 1492 1632 perfuso
1532 1588 1612 1633 pet·

331 1647 542 1692 humeros
564 1643 742 1697 habitu,
762 1641 894 1688 donis
918 1653 1072 1687 ornata
1087 1677 1099 1699 ,
1124 1642 1371 1689 diademate
1388 1642 1520 1689 etiam
1539 1659 1611 1690 ac·

332 1731 468 1781 cepto
482 1753 496 1776 ,
514 1716 698 1763 nomine
717 1713 914 1761 filiorum
935 1714 1278 1762 Herenniani&
1295 1715 1493 1762 Timolai
1514 1715 1611 1761 diu-

332 1792 444 1849 tius,
463 1807 596 1854 quam
634 1788 851 1836 femineus
888 1787 1017 1834 sexus
1047 1788 1327 1851 patiebatur,
1359 1789 1610 1850 imperavit.

280 1890 282 1894 ·
333 1864 559 1927 Siquidem
599 1862 812 1909 Gallieno
856 1863 1000 1909 adbuc
1047 1876 1227 1925 regente
1260 1863 1576 1925 rempublicam
1595 1899 1609 1917 ‚

329 1937 477 2000 regale
505 1936 663 1982 mulier
689 1934 874 1997 superba
905 1951 1066 1982 munus
1091 1934 1315 1991 obtinuit,
1334 1937 1382 1982 &
1415 1935 1609 1981 Claudio

335 2008 462 2056 bellis
485 2007 694 2054 Gothicis
727 2020 978 2069 occupato:
1002 2008 1075 2054 vix
1102 2007 1294 2069 denique
1322 2007 1377 2054 ab
1410 2007 1611 2054 Aurelia-

327 2098 398 2127 no
427 2081 544 2126 vieta
571 2082 618 2126 δέ
654 2080 947 2141 triumphata,
971 2078 1183 2126 conceffit
1208 2079 1252 2124 in
1274 2078 1370 2140 jura
1390 2080 1609 2126 Romana.

336 2153 485 2200 Exstat
512 2152 697 2214 epistola
718 2153 974 2210 Aureliani,
994 2169 1094 2215 quae
1123 2151 1314 2213 captivae
1346 2151 1520 2197 mulieri
1548 2165 1611 2198 te·-

334 2226 594 2274 stimonium
627 2225 724 2274 fert.
763 2243 864 2272 nam
897 2243 997 2272 cum
1029 2243 1052 2270 a
1081 2224 1343 2286 quibusdam
1374 2225 1611 2286 reprehen-

335 2301 539 2356 deretur,
557 2299 682 2362 quod
705 2299 961 2357 mulierem,
984 2298 1125 2344 veluti
1143 2299 1298 2343 ducem
1321 2297 1511 2359 aliquem
1539 2297 1610 2343 vir

335 2371 616 2429 fortiffimus,
642 2370 968 2433 triumphasset,
989 2371 1124 2418 miffis
1151 2372 1204 2416 ad
1236 2372 1440 2416 Senatum
1462 2385 1609 2430 popu-

335 2446 518 2509 lumque
553 2446 810 2494 Romanum
841 2443 1005 2503 literis,
1034 2445 1115 2492 hac
1152 2444 1193 2490 se
1219 2442 1498 2500 attestatione
1534 2442 1607 2488 de·
