1637 2785
317 145 639 192 SEVERUS
687 144 1140 193 IMPERATOR.
1278 144 1360 192 161

88 252 269 318 quidem
299 268 464 300 annum
499 249 638 297 vixit:
666 267 766 295 nam
794 250 845 296 ad
868 250 1103 311 imperium
1135 250 1264 299 senex
1290 269 1369 301 ve·

88 326 188 390 nit)
212 341 406 387 cumque
435 322 604 384 pofitus
634 321 738 368 esset
761 321 805 367 in
827 321 1002 368 circulo
1031 323 1202 387 ingenti
1227 343 1371 387 aere0‚

90 401 169 448 diu
199 398 314 447 solus
329 401 377 447 &
399 398 628 445 destitutus
653 396 792 444 stetit:
821 414 921 444 cum
956 412 1181 445 vereretur
1196 412 1340 448 autem
1355 436 1373 462 ‚

92 492 150 521 ne
169 490 365 537 praeceps
388 483 558 528 rueret,
582 488 604 517 a
624 472 740 518 Jove
771 471 811 517 se
843 482 1056 518 vocatum
1082 471 1220 531 vidit,
1242 486 1374 538 atque

91 547 209 595 inter
230 546 490 594 Antoninos
514 544 728 591 locatum.
750 544 840 590 Die
861 543 1136 591 Circensium
1162 562 1264 591 cum
1285 560 1375 596 tres

93 620 308 666 Victoriae
327 635 451 666 more
472 617 604 664 solito
624 617 760 663 essent
789 617 947 664 locatae
964 616 1140 680 gypseae
1163 635 1262 665 cum
1282 621 1378 682 pal-

91 691 200 748 mis,
223 690 395 746 media,
420 707 518 754 quae
546 689 679 751 ipfius
709 688 894 734 nomine
920 688 1183 749 adscriptum
1215 690 1374 740 orbern

92 766 251 830 palmis
280 765 456 811 tenebat
472 799 486 822 ,
507 776 649 810 vento
671 762 777 818 ieta,
798 763 852 808 de
877 761 1018 822 podio
1041 760 1154 809 stans
1180 763 1379 823 decidit,

93 840 145 888 δι
172 837 296 885 humi
311 836 512 885 constitit
530 854 541 883 :
560 851 726 899 eaque,
745 851 845 897 qua:
865 836 992 881 Getae
1013 834 1198 882 nomine
1227 835 1380 884 inscri-

92 925 171 974 pta
196 923 288 958 erat
309 945 323 964 ‚
355 909 557 966 corruit,
593 910 643 954 ὅ(
676 908 824 954 omnis
863 907 1142 954 comminuta
1177 908 1272 955 est:
1303 910 1381 959 illa

94 997 209 1031 vero
226 1016 240 1037 ,
255 997 356 1042 quae
378 980 561 1027 Baffiani
592 978 769 1025 titulum
798 977 1090 1040 praeferebat,
1114 979 1262 1027 amissa
1283 982 1383 1043 pal-

96 1071 168 1101 ma
201 1051 325 1098 venti
354 1052 531 1097 turbine
560 1051 637 1097 vix
672 1049 884 1098 constitit.
912 1052 1013 1098 Post
1045 1070 1223 1100 murum
1260 1055 1381 1118 apud

97 1127 270 1173 vallum
314 1124 486 1170 miss'um
526 1123 571 1169 in
607 1123 864 1180 Britannia,
895 1139 994 1170 cum
1032 1125 1087 1170 ad
1123 1126 1380 1186 proximam

98 1197 374 1246 mansionem
399 1195 592 1251 rediret,
612 1211 703 1241 non
726 1194 868 1240 solum
897 1195 1066 1254 victor,
1085 1196 1157 1243 sed
1176 1197 1309 1246 etiam
1332 1200 1383 1247 in

99 1283 314 1319 aeternum
336 1285 444 1332 pace
463 1268 664 1326 fundata,
682 1267 878 1319 volvens
894 1268 1063 1327 animo,
1085 1269 1195 1332 quid
1215 1271 1385 1321 ominis

99 1345 180 1393 fibi
211 1356 494 1399 occurreret,
514 1341 725 1403 AEthiops
743 1340 921 1404 quidam
953 1359 977 1387 e
1005 1359 1195 1390 numero
1217 1345 1384 1393 milita-

101 1421 167 1476 ri,
194 1417 323 1466 cIarae
351 1417 466 1463 inter
486 1416 654 1463 scurras
681 1415 835 1469 famae,
853 1419 900 1465 ὅ(
920 1417 1247 1464 celebratorum
1269 1419 1385 1466 sem-

104 1509 183 1557 per
213 1488 449 1554 jocorum,
479 1507 579 1537 cum
610 1506 782 1538 corona
812 1507 835 1536 e
864 1490 1069 1552 cupressu
1100 1490 1209 1537 facta
1239 1491 1384 1541 eidem

102 1566 331 1615 occurrit:
355 1581 485 1628 quem
520 1582 623 1612 cum
653 1565 727 1611 ille
757 1564 890 1611 iratus
919 1567 1144 1612 removeri
1174 1567 1229 1612 ab
1267 1584 1386 1614 ocu·

104 1641 159 1687 lis
178 1636 478 1702 praecepiffet,
496 1638 544 1684 δι
567 1636 737 1684 coloris
759 1635 851 1697 ejus
869 1637 1004 1682 tactus
1029 1637 1207 1695 omine,
1229 1639 1278 1686 &
1299 1651 1387 1687 co-·.

105 1728 257 1768 route,
285 1710 440 1757 dixisse
469 1709 542 1756 ille
567 1709 728 1755 dicitur
755 1707 847 1770 joci
879 1709 1028 1763 causa,
1053 1710 1204 1756 Totum
1224 1710 1390 1776 fuisti:⁵

105 1801 236 1831 totum
267 1784 399 1849 vicisti
416 1799 432 1827 .·
457 1782 552 1839 jam
580 1783 703 1826 Deus
729 1781 803 1845 esto
833 1782 972 1828 vic‘lor.
1006 1782 1059 1827 Et
1089 1781 1134 1826 in
1157 1781 1387 1831 civitatem

107 1856 319 1913 veniens,
340 1873 441 1903 cum
470 1871 562 1901 rem
593 1854 792 1901 divinam
829 1854 966 1900 vellet
985 1854 1160 1911 facere,
1193 1855 1387 1918 primum

106 1932 161 1978 ad
192 1929 387 1975 Bellonae
415 1929 629 1990 templum
657 1928 808 1974 duGus
837 1927 898 1974 est
916 1964 930 1985 ,
960 1943 1112 1994 errore
1143 1927 1389 1990 haruspicis

109 2003 291 2060 rustici,
319 2003 479 2049 deinde
505 2002 661 2050 hostiae
693 2002 838 2049 furvae
866 2002 964 2048 sunt
991 2001 1230 2064 applicitae.
1264 2002 1390 2066 quod

111 2094 215 2125 cum
244 2076 347 2123 effet
366 2076 646 2138 asper-natm,
676 2089 807 2139 atque
827 2077 880 2122 ad
907 2076 1123 2122 Palatium
1154 2076 1195 2122 se
1222 2076 1393 2139 recipe-

112 2163 207 2208 ret,
235 2150 498 2214 negligentia
523 2150 830 2197 ministrorum
852 2149 989 2214 nigrae
1011 2150 1164 2195 hostiae
1181 2150 1318 2212 usque
1337 2148 1392 2196 ad

101 2222 249 2269 'limen
278 2223 437 2268 domus
459 2222 667 2270 PaIatinae
698 2225 1019 2286 Imperatorem
1049 2223 1209 2271 secutae
1242 2225 1356 2271 sunt.

179 2296 346 2343 XXIII.
374 2295 485 2340 Sunt
504 2285 810 2358 perplurimas
829 2295 1036 2343 civitates
1056 2313 1192 2358 opera
1216 2296 1308 2357 ejus
1325 2298 1394 2344 in-

117 2367 267 2434 fignia.
289 2384 497 2430 magnum
525 2364 638 2416 vero
668 2367 778 2417 illud
798 2368 846 2416 in
871 2368 1055 2419 civitate
1074 2403 1088 2424 ,
1118 2367 1242 2430 ejus,
1265 2370 1394 2433 quod

213 2444 382 2504 Scriptt.
412 2443 475 2490 H.
507 2445 570 2491 A.
1070 2441 1105 2486 L
