1714 2807
365 129 417 172 52
619 108 1370 156 JUL11CAP1TOL1N1

292 257 306 265 2
355 219 606 272 honorem,
636 214 769 261 etiam
801 213 1011 277 publice,
1034 214 1216 262 sexenni
1246 215 1434 271 detulit;
1463 217 1632 263 octavo

351 289 489 335 aetatis
518 302 640 334 anno
661 285 705 333 in
732 287 953 333 Saliorum
976 287 1215 350 collegium
1238 288 1405 336 retulit.
1427 291 1474 335 ln
1495 289 1631 337 Salia·

350 374 398 407 tu
425 377 560 406 omen
586 359 756 421 accepit
778 358 981 421 imperii,
1012 376 1204 407 coronas
1235 362 1447 408 omnibus
1462 361 1508 407 in
1531 363 1634 424 pul-

348 435 481 480 vinar
511 451 566 480 ex
602 450 729 480 more
761 433 1060 494 jacientibus:
1095 435 1190 482 aliae
1223 436 1317 483 aliis
1354 437 1464 484 locis
1497 438 1633 484 haese-

349 522 481 564 runt;
504 508 665 567 hujus,
694 507 820 554 velut
851 525 984 555 manu
1004 544 1017 566 ,
1041 509 1176 570 capiti
1204 511 1357 556 Martis
1385 523 1529 573 aptata
1554 511 1630 558 est.

347 583 445 630 Fuit
465 582 507 627 in
531 598 586 627 eo
616 581 866 628 sacerdotio
891 583 940 629 δι
970 583 1155 644 praesul,
1176 585 1224 630 δι
1247 598 1398 641 vates,
1423 586 1472 631 &
1495 582 1629 647 magi-

346 655 452 710 sser3
469 657 516 702 &
534 655 701 701 multos
716 655 1000 718 inauguravit
1018 669 1150 718 atque
1164 657 1473 720 exauguravit,
1491 657 1628 703 nemi·

347 746 403 775 ne
435 740 683 790 praeeunte,
707 730 831 791 quod
863 729 952 790 ipse
989 729 1184 776 carmina
1216 732 1370 777 cunfia
1399 729 1631 777 didicisset.

345 800 531 846 Virilem
567 814 716 862 togam
749 800 895 846 sumsit
925 801 1270 864 quintodecimo
1303 802 1441 849 aetatis
1476 817 1628 857 ann0;

343 873 577 934 statimque
604 873 645 919 ei
675 873 800 921 Lucii
827 872 1008 933 Cejonii
1040 874 1290 920 Commodi
1321 874 1411 921 'filia
1438 875 1629 937 despon-

342 948 430 994 sata
465 947 557 1002 est‚
594 963 650 993 ex
685 947 900 992 Hadriani
936 947 1187 994 voluntate.
1219 949 1316 995 Nec
1348 950 1492 994 multo
1529 948 1628 1010 post

340 1018 573 1083 praefectus
609 1018 816 1065 feriarum
850 1020 1103 1066 Latinarum
1133 1019 1230 1067 fuit.
1258 1019 1304 1065 in
1332 1036 1426 1082 quo
1452 1021 1628 1067 honore

339 1091 665 1156 praeclarissime
693 1091 733 1137 se
766 1107 854 1153 pro
885 1091 1210 1154 magistratibus
1243 1106 1471 1154 agentem,
1501 1094 1549 1140 &
1579 1093 1626 1138 in

337 1165 572 1214 conviviis
589 1164 802 1210 Hadriani
824 1164 1042 1226 Principis
1060 1163 1269 1211 ostendit.
1291 1164 1392 1211 Post
1412 1164 1528 1223 hoc,
1551 1181 1626 1226 pa·

337 1239 603 1286 trimonium
636 1250 870 1297 paternum
905 1237 1050 1284 sorori
1078 1251 1226 1284 totum
1261 1238 1490 1285 conceffit.
1522 1255 1626 1285 cum

337 1327 440 1357 eum
475 1310 529 1355 ad
553 1308 819 1353 divifionem
844 1322 984 1354 mater
1017 1320 1206 1354 vocaret
1224 1343 1236 1364 ‚
1262 1308 1523 1369 respondit,
1553 1313 1626 1355 avi

338 1387 460 1430 bonis
479 1385 528 1443 se
562 1380 633 1446 effi
654 1398 887 1427 contentum
903 1399 920 1427 .·
954 1381 1145 1439 addens,
1171 1398 1217 1427 ut
1243 1380 1284 1428 ὃ
1303 1382 1521 1446 ηιαῑεν,]ἰ
1538 1387 1624 1427 νεί-

337 1463 417 1512 let,
451 1460 497 1502 in
513 1458 697 1517 sororem
715 1457 844 1516 suum
883 1456 1190 1516 patrimonium
1220 1456 1441 1513 conferret,
1467 1474 1517 1500 ne
1555 1460 1623 1502 in-

330 1532 467 1590 ferior
496 1528 587 1593 effer
613 1529 738 1590 sbror
765 1531 930 1575 marito.
959 1528 1056 1574 Fuit
1084 1540 1228 1575 autem
1261 1543 1310 1573 ea
1338 1527 1444 1574 vitae
1473 1526 1622 1573 indul·

333 1600 508 1664 gentia,
539 1614 586 1645 ut
613 1612 850 1663 cogeretur
877 1615 1205 1662 nonnunquam
1236 1598 1311 1646 vel
1339 1598 1385 1644 in
1412 1597 1622 1647 venatio-

333 1689 412 1719 nes
441 1689 650 1736 pergere,
670 1673 745 1719 vel
771 1672 817 1718 in
845 1673 1069 1719 theatrum
1100 1671 1363 1718 descendere
1383 1705 1397 1727 ,
1425 1671 1502 1717 vel
1529 1670 1622 1732 spe-

333 1746 517 1792 &aculis
552 1745 766 1793 intereffe.
800 1746 1000 1807 Operam
1031 1758 1242 1806 praeterea
1277 1744 1506 1807 pingendo
1541 1743 1620 1791 sub

331 1817 542 1881 magistro
577 1819 816 1881 Diogneto
847 1819 983 1865 dedit.
1017 1817 1194 1865 Amavit
1230 1817 1510 1880 pugilatum,
1546 1816 1617 1862 lu-

300 1931 312 1943 ,
332 1890 551 1946 cumina,
577 1891 627 1938 &
647 1890 849 1945 cursum,
874 1892 922 1937 &
941 1901 1211 1952 aucupatus,
1231 1891 1279 1936 ὅ(
1309 1888 1396 1951 pila
1426 1887 1524 1934 lufit
1543 1905 1617 1951 ap-

330 1962 505 2024 prime,
532 1963 582 2009 &
607 1974 798 2008 venatus
830 1961 904 2007 est.
933 1961 1017 2007 Sed
1045 1962 1099 2007 ab
1127 1961 1336 2006 omnibus
1366 1960 1435 2007 his
1465 1960 1617 2007 inten-

331 2032 535 2079 tionibus
555 2032 744 2079 studium
763 2048 864 2078 eum
889 2032 1184 2094 philosophiae
1204 2032 1415 2091 abduxit,
1434 2031 1616 2079 serium-

332 2122 420 2168 que
445 2107 493 2153 &
511 2123 693 2169 gravem
721 2106 940 2163 reddidit,
963 2121 1056 2151 non
1080 2119 1226 2151 tamen
1248 2103 1426 2166 prorsus
1450 2103 1616 2151 abolita

331 2176 378 2224 in
408 2194 464 2225 eo
498 2178 736 2226 comitate:
765 2196 895 2242 quam
929 2179 1155 2241 praecipue
1194 2179 1279 2225 suis
1315 2193 1424 2223 mox
1462 2176 1614 2223 amicis

332 2265 467 2313 atque
494 2253 629 2298 etiam
652 2252 798 2299 minus
820 2253 941 2299 notis
967 2253 1233 2309 exhibebat,
1253 2269 1353 2299 cum
1378 2250 1493 2314 frugi
1512 2250 1614 2297 effet

331 2324 421 2371 sine
444 2326 761 2383 contumacia,
787 2328 1070 2377 verecundus
1089 2327 1179 2375 fine
1201 2325 1407 2390 ignavia,
1427 2324 1515 2375 fine
1533 2323 1612 2370 tri-

327 2396 442 2445 stitia
471 2397 637 2462 gravis.
