1637 2785
319 153 835 200 PESCENNIUS
886 115 1142 204 NIGEJR.
1281 171 1358 216 17¹

98 270 162 305 ret
192 258 447 319 reipublicae
484 258 728 319 imperare,
761 259 936 306 versum
970 263 1180 309 Graecum
1217 260 1371 323 hujus-

98 332 222 377 modi
249 330 401 376 fudisse
423 330 609 376 dicitur:

166 404 364 463 Optimus
385 404 437 467 est
455 404 609 462 Fuscus
623 437 635 459 ,
655 404 786 448 bonus
807 405 852 447 A
846 402 940 461 ser,
955 403 1149 465 pffmus
1172 408 1322 452 Albus.

96 474 165 520 Ex
198 490 292 537 quo
329 475 622 531 intelledhim,
652 477 859 535 Fuscum,
882 476 1069 535 Nigrum
1104 478 1374 537 appellatum

98 546 445 595 vaticinatione:
472 547 681 593 Severum
699 582 712 603 ‚
732 547 887 607 Afrum
902 567 921 603 ,·
941 550 1098 592 Album
1122 565 1235 594 vero
1253 584 1266 605 ‚
1291 549 1374 595 Al·

99 620 251 667 binum
281 619 586 665 didiumsNec
617 619 753 666 defuit
785 621 866 665 alia
893 621 1136 667 curiositas.
1173 622 1375 684 Requisi·

98 704 191 737 tum
211 691 293 749 est,
315 692 389 753 qui
409 690 511 736 effer
532 692 795 738 obtenturus
815 693 1150 753 rempublicam.
1177 694 1232 740 ad
1254 694 1379 757 quod

98 766 173 813 ille
198 765 427 828 respondit
445 766 574 811 alium
608 766 780 812 versum
808 767 937 812 talem
962 784 972 813 :

162 844 375 887 Fundetur
386 843 567 903 sanguis
588 844 690 887 Albi
708 878 718 896 ‚
741 844 932 903 Nigrique
951 845 1157 888 minantis
1172 879 1189 900 ‚

163 918 383 975 Imperium
406 918 551 961 muudi
575 919 707 961 Poena
728 933 830 977 reget
849 919 939 962 urbe
954 917 1174 977 profec‘t'us.

99 987 239 1046 Idem,
262 1005 362 1034 cum
383 988 611 1049 quaesitum
630 987 748 1038 effer,
771 989 871 1049 quis
890 987 950 1032 illi
974 988 1241 1034 succeffurus
1255 986 1380 1047 effer,

103 1059 374 1122 respondiffe
394 1059 546 1106 itidem
570 1061 736 1105 Graeco
757 1059 883 1104 versu
904 1059 1089 1106 dicitur:

172 1136 248 1181 Cui
266 1136 445 1181 dederint
452 1134 595 1194 superi
607 1168 618 1188 ‚
641 1151 787 1178 nomen
807 1135 946 1178 lzabere
968 1136 1055 1180 Pii.

104 1208 230 1271 quod
253 1205 444 1252 omnino
471 1203 739 1250 intelle&um
768 1220 860 1250 non
885 1203 970 1260 est,
995 1203 1073 1249 nifi
1098 1220 1199 1250 cum
1225 1204 1381 1252 Baffia-

103 1296 188 1328 nus
225 1279 472 1335 Antonini,
498 1277 621 1340 quod
657 1293 811 1323 verum
848 1276 1013 1340 {ignum
1042 1281 1114 1323 Pii
1149 1277 1260 1337 fuit,
1294 1294 1381 1324 no-

103 1369 206 1399 men
236 1353 421 1413 accepit.
456 1355 562 1398 Item
597 1366 695 1396 cum
725 1363 1024 1412 quaereretur‚
1050 1351 1264 1414 quamdiu
1295 1352 1382 1398 im-

102 1419 334 1489 peraturus
354 1423 479 1478 esset,
501 1423 770 1485 respondisse
791 1424 950 1469 Graece
970 1424 1161 1470 dicitur:

168 1500 250 1544 Bis
267 1499 383 1544 denis
403 1502 555 1543 Italum
576 1499 812 1557 confiendec
831 1500 1008 1542 navibus
1028 1515 1187 1559 aequor:

234 1574 268 1614 S
271 1572 285 1614 i
302 1585 439 1615 tamen
459 1588 544 1614 una
565 1573 665 1615 ratis
685 1569 882 1631 tranfiliec
891 1575 1078 1631 pelagus.

105 1643 172 1691 Ex
205 1658 297 1704 quo
334 1642 603 1692 intelleffiim
618 1677 631 1700 ,
668 1644 881 1690 Severum
923 1643 1084 1707 viginti
1121 1659 1264 1690 annos
1299 1660 1382 1690 ex-

107 1716 351 1778 pleturum.

172 1789 250 1838 [X.
274 1790 379 1835 Haec
400 1788 512 1843 sunt,
527 1788 830 1846 Di0cletiane,
845 1787 1036 1835 maxime
1060 1786 1383 1852 Augustorum,

107 1877 209 1923 quae
234 1862 286 1907 de
307 1861 548 1910 Pescennio
569 1861 800 1911 didicimus
820 1879 874 1907 ex
900 1861 1097 1922 pluribus
1117 1861 1253 1907 libris.
1274 1861 1382 1905 Non

109 1934 227 1982 enim
249 1934 376 1981 facile
397 1934 497 1998 (ut
489 1952 532 1981 in
554 1934 777 1996 principio
797 1935 896 1980 libri
915 1933 1132 1996 diximus)
1151 1933 1382 1996 quisquam

109 2006 226 2053 vitas
242 2023 397 2054 eorum
417 2007 552 2054 mittit
570 2008 615 2053 in.
635 2008 793 2064 libros,
808 2007 885 2069 qui
902 2019 976 2053 aut
991 2006 1256 2086 Principes
1245 2023 1290 2051 in
1318 2022 1385 2051 re-

110 2080 234 2143 pubii
240 2097 290 2126 ca
326 2097 420 2126 non
456 2080 666 2136 fuerunt,
694 2093 768 2126 aut
794 2096 819 2125 a
851 2080 1014 2126 Senatu
1048 2065 1257 2141 appellati
1288 2093 1383 2124 non

111 2152 210 2200 sunt
229 2155 546 2214 Imperatores,
569 2166 643 2201 aut
663 2151 796 2199 occifi
815 2151 970 2209 citius,
993 2150 1047 2197 ad
1073 2150 1234 2198 famam
1254 2149 1384 2196 veni-

111 2240 159 2271 re
181 2223 494 2285 nequiverunt.
513 2224 620 2273 Inde
633 2259 647 2281 ‚
664 2224 789 2287 quod
805 2224 908 2270 latet
921 2223 1099 2269 Vindex
1113 2258 1126 2280 ‚
1141 2222 1266 2285 quod
1281 2221 1382 2268 Piso

112 2296 328 2353 nescitur,
345 2297 469 2359 quod
498 2313 653 2345 omnes
679 2297 770 2355 illi,
791 2297 866 2359 qui
888 2310 961 2344 aut
984 2310 1156 2343 tantum
1182 2294 1384 2357 adoptati

113 2368 239 2425 sunt,
262 2381 339 2415 aut
365 2385 388 2415 a
415 2369 628 2417 militibus
649 2371 941 2432 Imperatores
967 2367 1203 2430 appellati,
1224 2382 1274 2414 ut
1302 2367 1383 2414 sub

113 2442 386 2494 Domitiano
425 2443 648 2493 Antonius
668 2477 683 2503 ,
720 2454 796 2490 aut
823 2442 916 2492 cito
947 2441 1210 2500 interemti,
1240 2441 1380 2491 vitam
