1637 2785
266 155 769 203 ALEXANDER
823 157 1200 205 SEVERUS.
1304 174 1389 222 293

120 264 327 312 Praefides
359 280 501 321 vero,
527 263 823 310 proconsules
850 265 898 310 &
922 265 1141 326 Legatos,
1172 280 1396 327 nunquam

120 336 228 385 fecit
248 337 300 384 ad
320 335 614 393 beneficium,
634 334 706 382 sed
726 336 780 382 ad
805 334 1022 398 judicium
1050 338 1121 385 vel
1147 337 1268 384 suum
1284 373 1297 395 ‚
1323 335 1399 384 vel

121 410 320 455 Senatus.

182 481 362 526 XLVII.
397 478 568 527 Milites
602 478 904 540 expeditionis
932 491 1134 541 tempore
1167 481 1223 527 fic
1247 480 1398 542 dispo-

119 553 230 611 suit,
257 566 303 600 ut
335 554 382 600 in
423 554 726 600 mansionibus
765 570 965 600 annonas
994 556 1246 617 acciperent
1267 589 1278 606 ,
1315 572 1398 602 nec

119 639 349 689 portarent
371 627 535 674 cibaria
564 628 717 675 decem
743 630 790 676 &
811 627 1002 689 septem,
1033 642 1081 675 ut
1110 628 1277 684 solent,
1303 629 1397 674 die-

119 716 247 756 rum,
286 699 365 745 nist
404 699 451 744 in
487 699 758 748 barbarico:
800 700 1009 764 quamvis
1047 702 1095 748 &
1140 700 1230 747 illic
1268 701 1398 747 mulis

118 771 296 818 eosdem
330 785 462 834 atque
491 772 668 819 camelis
700 771 957 832 adjuverit,
988 772 1162 829 dicens,
1182 773 1400 832 militesse

118 847 257 907 tnagis
271 846 464 904 servare,
487 865 609 906 quam
625 848 675 906 fi
703 848 835 907 ipsum
853 881 865 902 ‚
883 847 1125 907 quodfalus
1147 848 1317 906 publica
1352 847 1399 889 in

120 921 186 964 lu‘s
211 916 313 981 ff‘·
344 918 628 980 AEgtotantes
652 918 742 980 ipse
773 917 967 963 visitavit
990 934 1067 979 per
1098 918 1291 964 tentoria
1311 916 1400 962 mi-

119 989 220 1038 lites
241 1026 255 1047 ,
284 989 417 1037 etiam
449 989 657 1047 ultimos,
686 992 734 1036 &
758 991 978 1052 carpentis
1009 989 1160 1047 vexit,
1183 991 1231 1035 &
1252 988 1400 1035 omni-

120 1064 202 1110 bus
233 1062 480 1110 necessariis
506 1062 695 1123 adjuvit.
725 1065 779 1109 Et
799 1063 828 1109 fi
856 1061 973 1110 forte
1001 1063 1182 1126 gravius
1201 1060 1401 1110 laboras*

120 1139 244 1193 sent,
274 1155 352 1201 per
375 1137 579 1185 civitates
606 1140 654 1185 δε
672 1153 802 1200 agros
822 1137 1016 1199 patribus
1045 1137 1232 1184 familias
1252 1135 1401 1183 homi-

121 1210 253 1258 nibus
273 1246 287 1268 ‚
318 1212 367 1257 &
398 1209 688 1256 sanctioribus
718 1208 936 1256 matronis
975 1225 1053 1256 eos
1086 1208 1404 1262 distribuebat;

119 1282 308 1329 reddens
324 1281 565 1344 impendia,
583 1297 681 1345 quae
703 1280 901 1329 fecissent
913 1318 929 1340 ,
952 1282 1045 1330 five
1071 1282 1402 1331 convaluiffent

121 1353 219 1411 illi,
252 1354 326 1400 seu
356 1353 576 1415 perissent.

186 1428 384 1474 XLVIII.
403 1428 522 1473 Cum
540 1426 718 1489 quidam
742 1426 944 1473 Ovinius
964 1427 1182 1476 Camillus
1213 1429 1404 1475 Senator

123 1498 317 1561 antiquae
347 1499 527 1546 familiae
561 1498 887 1547 delicatiffimus
914 1500 1124 1546 rebellare
1163 1499 1406 1556 voluiffet,

122 1572 412 1635 tyrannidem
447 1572 687 1630 affestans,
725 1571 857 1635 eique
893 1573 1146 1620 nuntiatum
1179 1572 1317 1628 esset,
1355 1589 1407 1619 ac

126 1645 269 1691 statim
303 1646 570 1706 probatum3
593 1646 648 1692 ad
673 1645 885 1702 Palatium
912 1663 1011 1693 eum
1041 1645 1247 1710 rogavit,
1277 1646 1407 1708 eique

127 1718 288 1781 gratias
312 1718 418 1780 egit,
438 1719 564 1781 quod
586 1736 736 1766 curam
758 1719 1031 1781 reipublicae,
1048 1736 1146 1781 quae
1168 1718 1409 1766 recusanti-

128 1791 210 1837 bus
240 1790 374 1837 bonis
404 1791 740 1853 imponeretur,
769 1791 928 1854 sponte
965 1792 1181 1854 reciperet
1206 1809 1219 1837 :
1251 1791 1411 1836 deinde

128 1863 182 1909 ad
203 1863 409 1910 Sena-tum
444 1864 682 1925 processit,
704 1865 753 1913 &
782 1864 1037 1923 timentem,
1058 1880 1109 1911 ac
1128 1875 1261 1910 tantae
1295 1879 1411 1910 con-

128 1934 328 1982 scientiae
355 1935 455 1981 tabe
478 1935 732 1983 confectum
748 1972 762 1994 ,
779 1935 1040 1999 participem
1062 1935 1237 1995 imperii
1260 1936 1415 1998 appel-

128 2008 271 2059 lavit,
295 2006 340 2053 in
370 2007 584 2054 Palatium
613 2008 811 2071 recepit,
842 2009 1070 2056 convivio
1090 2007 1314 2066 adhibuit,
1336 2025 1415 2055 or-

131 2079 350 2126 namentis
380 2079 717 2139 itnperialibu5‚
755 2082 806 2129 &
839 2080 1128 2137 melioribus,
1159 2096 1291 2143 quam
1324 2079 1418 2142 ipse

130 2152 362 2209 utebatur,
393 2152 554 2200 affecit.
584 2156 639 2201 Et
668 2171 768 2201 cum
799 2153 1034 2215 expeditio
1060 2153 1288 2201 barbarica
1311 2154 1418 2201 effet

133 2225 364 2280 nuntiata,
377 2225 450 2273 vel
467 2224 624 2287 ipsum,
644 2225 674 2272 fi
692 2225 854 2284 vellet,
867 2221 936 2272 'ire
952 2261 967 2284 ‚
990 2225 1128 2272 velut
1148 2224 1292 2273 secum
1310 2242 1418 2288 pro-

138 2296 439 2354 ticiscereturf
455 2299 658 2347 hortatus
684 2299 760 2346 est.
781 2301 829 2347 &
856 2315 957 2346 cum
980 2298 1070 2361 ipse
1100 2298 1231 2360 pedes
1250 2298 1332 2345 iter
1350 2298 1418 2354 fa-

136 2381 259 2415 ceret
275 2404 288 2426 ‚
305 2369 428 2417 illum
442 2370 656 2418 invitavit
682 2371 735 2417 ad
754 2370 952 2418 laborem
969 2387 982 2417 ε
1003 2386 1152 2433 quem,
1168 2370 1268 2433 post
1283 2371 1417 2434 quin-

144 2457 230 2505 que
251 2443 387 2492 millia
413 2446 694 2494 cunCtantem
710 2480 724 2506 ,
743 2462 863 2510 equo
897 2444 1045 2494 sedere
1062 2443 1202 2557 {Pffiss
1223 2462 1419 2510 cumque

1061 2521 1063 2523 ’
1140 2525 1162 2571 3
