1714 2807
303 158 395 207 230
510 143 739 192 AELII
803 131 1442 199 LAMP'RIDII·

301 247 408 294 flate
431 248 632 311 imperii,
657 252 877 299 Antonini
900 253 1030 301 etiam
1057 272 1225 303 nornen
1251 269 1503 319 acceperat,
1534 258 1584 308 in

303 320 487 366 Varium
518 321 858 385 Heliogabalum
891 324 1125 387 imperium
1158 329 1369 376 collatum
1395 330 1484 387 est,
1511 331 1584 377 id-

302 393 426 441 circo
453 396 576 456 quod
599 397 784 443 Baffiani
807 397 924 446 filius
949 400 1184 448 diceretur.
1208 401 1306 448 Fuit
1325 414 1470 449 autem
1492 404 1583 450 He-

301 465 577 529 liogabalus,
616 470 689 516 vel
727 471 881 528 lovis,
921 473 994 519 vel
1029 474 1147 521 Solis
1180 474 1410 532 sacerdos,
1449 486 1584 537 atque

301 539 523 585 Antonini
553 540 631 586 fibi
657 558 822 589 nomen
856 544 1132 602 adsciverat,
1158 545 1230 592 vel
1265 546 1310 592 in
1346 563 1585 609 argumen-

301 625 398 658 tum
429 614 628 676 generis,
661 615 734 663 vel
765 618 888 679 quod
915 618 960 664 id
989 635 1155 667 nomen
1195 619 1333 681 usque
1363 621 1476 666 adeo
1507 635 1584 666 ca-

303 703 402 733 rum
432 687 516 734 esse
543 704 827 753 cognoverat
855 693 1088 754 gentibus,
1126 704 1174 738 ut
1201 692 1332 738 etiam
1365 693 1585 755 parricida

303 759 524 807 Baffianus
559 761 683 809 causa
714 764 910 810 nominis
942 778 1174 811 amaretur.
1207 768 1260 811 Et
1292 765 1366 813 hic
1403 767 1586 829 quidem

304 834 429 894 prius
458 835 597 880 dicius
625 835 684 880 est
711 840 896 895 Varius,
929 838 1027 900 post
1055 840 1362 900 Heliogabalus
1389 854 1413 884 a
1441 837 1586 884 sacer-

304 906 435 952 dotio
459 907 548 952 Dei
578 907 888 972 Heliogabali,
921 909 993 955 cui
1023 910 1239 970 templum
1266 911 1424 956 Romae
1453 911 1498 956 in
1525 927 1584 958 eo

305 978 414 1023 loco
441 978 699 1038 constituit,
720 981 763 1026 in
792 997 888 1044 quo
909 981 1032 1044 prius
1051 983 1162 1029 aedes
1184 982 1296 1029 Orci
1319 982 1426 1040 fuit,
1451 999 1584 1046 quem

301 1066 329 1099 e
358 1052 487 1118 Syria
519 1050 662 1099 secum
697 1053 893 1102 advexit.
920 1055 1147 1115 postremo
1173 1071 1274 1102 cum
1299 1055 1470 1118 accepit
1497 1056 1586 1102 im-

304 1127 504 1190 perium,
540 1125 792 1176 Antoninus
824 1128 1068 1191 appellatus
1105 1128 1166 1176 cst
1192 1146 1204 1175 :
1250 1141 1382 1191 atque
1414 1127 1505 1190 ipse
1537 1127 1585 1175 in

305 1201 519 1248 Romano
548 1200 740 1262 imperio
773 1201 955 1248 ultimus
987 1201 1325 1249 Antoninorum
1354 1199 1452 1247 fuit.

368 1277 420 1320 ll.
446 1275 531 1320 Hic
563 1286 734 1320 tantum
765 1274 1034 1321 Semiamirae
1066 1275 1196 1321 matri
1217 1275 1393 1321 deditus
1413 1272 1586 1331 fuit,ut

306 1346 398 1393 fine
427 1347 546 1392 illius
568 1346 803 1392 voluntate
821 1346 931 1391 nihil
959 1346 1003 1391 in
1023 1346 1247 1408 republica
1271 1346 1462 1403 faceret,
1481 1362 1585 1393 cum

305 1418 395 1480 ipsa
425 1418 680 1464 meretricio
701 1434 828 1465 more
853 1418 1041 1473 vivens,
1069 1418 1114 1463 in
1138 1419 1236 1464 aula
1266 1417 1421 1464 omnia
1440 1417 1584 1479 turpia

307 1502 566 1545 exercerem
591 1489 830 1536 Antonino
869 1501 1014 1535 autem
1047 1488 1284 1535 Caracallo
1318 1488 1470 1550 stupro
1500 1503 1586 1534 co-

307 1560 429 1624 gnita
444 1596 458 1616 ,
481 1560 542 1606 ita
563 1574 610 1605 ut
636 1560 742 1607 hinc
769 1561 841 1607 vel
865 1560 1028 1607 Varius
1050 1560 1123 1606 vel
1146 1559 1458 1622 Heliogabalus
1480 1559 1586 1608 vul==v

307 1651 367 1699 go
401 1647 645 1696 conceptus
680 1646 921 1695 putaretur.
961 1635 1015 1680 Et
1053 1633 1178 1694 ajunt
1216 1633 1422 1696 quidam,
1458 1631 1585 1679 Varii

308 1707 440 1754 etiam
467 1723 633 1753 nomen
660 1706 833 1754 idcirco
857 1708 998 1753 eidem
1028 1704 1219 1753 inditum
1249 1722 1272 1752 a
1301 1705 1587 1768 condiscipu-

307 1781 361 1826 lis
377 1816 390 1837 ‚
414 1781 538 1843 quod
557 1779 688 1827 vario
715 1780 878 1827 semine
893 1815 905 1837 ‚
926 1780 978 1825 de
1006 1779 1238 1826 meretrice
1258 1791 1416 1839 utpote
1433 1813 1446 1834 ‚
1467 1795 1585 1826 con-

309 1866 466 1914 ceptus
504 1852 741 1899 videretur.
777 1852 861 1898 Hic
893 1850 1068 1908 fertur,
1102 1850 1258 1898 occiso
1291 1850 1483 1897 Macrini
1518 1848 1588 1896 fa-

308 1927 457 1973 &ione
486 1939 631 1987 patre,
652 1943 698 1973 ut
726 1927 983 1982 dIcebatur‚
1006 1925 1270 1982 Antonino,
1291 1925 1337 1971 in
1368 1925 1584 1987 templum

308 2000 400 2046 Dii
417 1998 696 2062 Heliogabali
722 1997 966 2061 confugisse
985 2034 999 2057 ,
1020 1997 1144 2045 velut
1160 1998 1203 2044 in
1221 1997 1389 2061 asylum
1403 2033 1419 2055 ‚
1441 2013 1495 2043 ne
1513 1997 1586 2043 in-

308 2069 586 2118 terficeretur
621 2088 644 2116 a
684 2070 923 2126 Macrino,
959 2071 1033 2132 qni
1074 2068 1302 2117 saeviss'ime
1339 2087 1442 2116 cum
1486 2067 1586 2116 filio

308 2143 542 2189 luxurioso
566 2143 614 2189 &
630 2143 793 2190 crudeli
814 2143 1013 2190 exercuit
1041 2142 1291 2203 imperium.
1315 2142 1399 2188 Sed
1420 2142 1474 2187 de
1498 2157 1586 2188 no·
1636 2175 1642 2180 ·

212 2273 217 2281 N
257 2237 259 2240 ⁴
308 2215 429 2263 mine
466 2216 672 2262 hassemis
691 2250 704 2272 ‚
733 2214 937 2275 quamvis
969 2214 1160 2260 sancium
1189 2214 1298 2260 illud
1324 2214 1586 2260 Antonino-

309 2304 405 2334 rum
434 2304 598 2333 nomen
629 2287 1008 2349 pollueritzquod
1035 2300 1108 2344 tu,
1131 2287 1422 2334 Constantine
1441 2286 1586 2333 sacra-

309 2359 464 2404 tillime
486 2395 499 2416 ‚
531 2361 586 2404 ita
621 2360 843 2405 veneraris
864 2395 877 2416 ‚
908 2374 954 2405 ut
988 2363 1190 2408 Marcum
1224 2363 1273 2408 &
1310 2361 1435 2407 Pium
1469 2360 1586 2407 inter

309 2432 601 2480 Constantios
629 2433 957 2497 Claudiusque,
979 2435 1105 2483 velut
1137 2433 1326 2496 majores
1353 2446 1481 2496 tuos,
1503 2449 1585 2480 au·
