1714 2807
315 128 382 178 ’60
572 133 784 182 JULll
831 137 1330 192 CAPITOLINI

315 249 486 300 partem
510 237 556 285 in
581 242 698 288 ltalia
718 242 1003 304 possiderent.
1026 246 1166 294 Dedit
1185 262 1395 311 praeterea
1417 264 1596 301 curato-

314 311 437 359 ribus
462 314 702 378 regionum
727 333 777 364 ac
804 318 977 365 viarum
1014 321 1275 381 potestatem
1293 360 1305 382 ,
1335 337 1382 371 ut
1412 327 1484 373 vel
1513 345 1594 390 pu-

314 385 491 445 nitent,
520 388 594 435 vel
621 390 676 436 ad
701 390 954 451 praefec‘tum
978 395 1089 441 Urbi
1117 397 1368 458 puniendos
1395 399 1596 447 remitte-

314 470 414 505 rent
442 476 548 518 eos,
577 463 654 525 qui
679 463 796 510 ultra
825 465 1057 529 veftigalia
1085 467 1327 532 quidquam
1359 471 1413 517 ab
1436 471 1596 534 aliquo

313 531 566 596 exegiffent.
603 537 675 582 Jus
714 548 861 583 autem
889 539 1026 602 magis
1059 553 1188 588 vetus
1216 542 1432 601 restituit,
1460 561 1595 606 quam

313 619 489 651 novum
519 606 636 653 fecit.
663 608 832 656 Habuit
860 610 1003 658 secum
1034 612 1268 674 praefefios
1285 650 1297 670 ‚
1322 632 1516 678 quorum
1539 633 1595 663 ex

313 676 573 724 aueloritate
603 681 652 728 &
685 681 889 742 periculo
924 682 1095 746 semper
1126 685 1220 746 jura
1253 687 1451 735 dietavit.
1479 689 1596 737 Usus

312 764 458 798 autem
480 752 541 799 est
559 754 764 803 Scaevola
792 756 1041 820 praecipue,
1072 759 1341 821 jurisperito.

377 827 476 874 Xll.
504 829 620 874 Cum
655 832 830 893 populo
863 846 1009 879 autem
1039 850 1133 879 non
1162 834 1287 881 aliter
1314 836 1432 898 egit,
1460 852 1594 899 quam

311 896 371 942 est
396 900 537 946 aetum
575 901 654 948 sub
685 904 870 951 civitate
905 905 1058 952 libera.
1099 906 1287 970 Fuitque
1327 925 1404 970 per
1441 909 1596 956 omnia

312 971 686 1022 moderatiffimus
717 976 764 1023 in
793 977 1053 1026 hominibus
1087 980 1358 1026 deterrendis
1389 997 1411 1026 a
1444 982 1595 1040 malo,

310 1041 558 1093 invitandis
576 1048 630 1095 ad
650 1049 772 1097 bona
787 1087 800 1110 ‚
822 1053 1154 1100 remunerandis
1176 1053 1308 1116 copia
1323 1088 1336 1112 ,
1359 1053 1596 1118 indulgen-

309 1114 371 1161 tia
403 1115 669 1168 liberandis:
703 1122 899 1188 fecitque
929 1141 986 1172 ex
1020 1127 1144 1173 malis
1173 1128 1348 1185 bonos,
1375 1144 1429 1174 ex
1461 1128 1594 1174 bonis

311 1189 534 1254 optimos:
549 1196 777 1243 moderate
790 1198 919 1244 etiam
937 1199 1248 1247 cavillationes
1265 1201 1594 1247 nonnullorum

311 1266 473 1316 ferenS.
508 1286 608 1315 nam
636 1287 738 1317 cum
769 1273 991 1334 quendam
1022 1272 1331 1329 Vetrasinum,
1359 1272 1487 1319 famae
1515 1274 1595 1320 de-

310 1341 540 1400 testandae,
557 1344 778 1391 honorem
802 1359 1023 1401 petentem
1052 1359 1282 1406 moneret,
1306 1347 1407 1409 usse
1426 1350 1477 1393 ab
1496 1351 1592 1408 opi-

311 1416 669 1478 nionibuspopulc'
696 1421 948 1478 vindicaret,
977 1423 1025 1469 &
1053 1421 1127 1467 ille
1157 1436 1317 1469 contra
1343 1420 1596 1483 respondis-

310 1487 401 1546 set,
428 1496 605 1549 multos,
631 1494 701 1553 qui
715 1495 856 1553 secum
882 1498 927 1540 in
956 1513 1082 1540 arena
1103 1493 1381 1558 pugnaffine‚
1402 1495 1450 1554 fi
1482 1496 1596 1540 Prae-

310 1579 417 1609 tores
436 1566 602 1620 videre;
626 1565 844 1627 patienter
868 1566 980 1613 tulit.
1002 1568 1069 1614 Ac
1094 1584 1149 1613 ne
1177 1568 1222 1612 in
1247 1583 1514 1630 quemquam
1534 1565 1596 1612 fa-

312 1635 398 1682 cile
418 1634 688 1694 vindicaret,
706 1637 947 1684 Praetorem
960 1673 972 1696 ,
989 1639 1065 1700 qui
1083 1639 1284 1702 quaedam
1305 1638 1483 1701 peffime
1498 1654 1600 1700 ege-

311 1720 402 1765 rat,
432 1726 526 1757 non
552 1711 755 1758 abdicare
779 1712 819 1759 se
841 1713 1034 1759 Praetura
1053 1712 1200 1775 justit,
1223 1713 1294 1760 sed
1316 1713 1504 1775 collegae
1528 1711 1597 1770 ju·-

310 1783 612 1832 risdiffionem
653 1786 890 1835 mandavit.
917 1787 1044 1834 Fisco
1084 1787 1131 1834 in
1169 1786 1304 1834 caufis
1339 1785 1598 1848 compendii

313 1876 543 1923 nunquam
568 1859 767 1922 judicans
787 1862 912 1910 favit.
936 1864 1048 1910 Sane
1065 1899 1080 1920 ,
1110 1861 1319 1926 quamvis
1347 1861 1450 1907 effet
1483 1876 1599 1906 con-

313 1931 429 1979 stans
445 1968 458 1991 ,
479 1946 573 1980 erat
593 1935 726 1982 etiam
759 1937 1056 1983 verecundus.
1078 1934 1372 1997 Posteaquam
1400 1945 1546 1980 autem
1574 1949 1600 1980 a

313 2003 445 2067 Syria
477 2004 624 2052 νὶξὶοτ
654 2005 789 2054 frater
811 2007 1118 2060 rediit‚Patris
1144 2007 1297 2070 patriae
1318 2021 1484 2050 nomen
1507 2020 1602 2049 am-

312 2076 458 2122 bobus
477 2077 703 2126 decretum
723 2079 806 2126 est:
829 2097 929 2127 cum
952 2080 992 2126 se
1010 2081 1217 2136 Marcus,
1239 2076 1415 2125 absente
1439 2078 1561 2122 Vero
1576 2110 1591 2133 ‚

315 2165 419 2212 erga
442 2165 599 2199 omnes
626 2150 846 2199 senatores
867 2166 998 2216 atque
1020 2152 1230 2198 homines
1250 2149 1599 2197 moderatiffime

314 2223 513 2285 gestisset.
539 2226 728 2275 Corona
756 2239 969 2290 praeterea
1000 2227 1145 2275 civica
1175 2225 1326 2272 oblata
1351 2224 1412 2270 est
1441 2224 1600 2270 ambo·

315 2297 426 2345 bus:
449 2299 665 2364 petiitque
693 2301 882 2359 Lucius,
903 2314 951 2348 ut
973 2300 1120 2349 secum
1144 2303 1326 2348 Marcus
1347 2299 1599 2358 triumpha-

317 2383 396 2417 ret.
419 2372 549 2419 Petiit
575 2386 786 2436 praeterea
820 2375 1012 2433 Lucius,
1043 2387 1091 2421 ut
1124 2373 1204 2421 filii
1230 2372 1372 2420 Marci
1402 2371 1599 2419 Caesares

317 2444 657 2508 appellarentur.
684 2447 769 2496 Sed
791 2449 967 2496 Marcus
995 2459 1116 2494 tanta
1140 2444 1228 2494 fuit
1252 2442 1564 2493 moderatione
1582 2476 1601 2502 ‚
