1637 2785
234 135 297 181 M.
349 134 517 181 ANT.
568 134 1130 182 PHILOSOPHUS.
1248 137 1310 198 67

46 236 200 284 stinam
227 236 326 284 satis
354 236 526 284 constat
550 237 670 301 apud
694 237 892 299 Cajetam
927 240 1210 288 conditiones
1235 243 1315 289 fibi

46 314 94 359 &
115 311 306 359 nauticas
332 311 382 357 δι
407 309 690 374 gladiatorias
718 311 905 374 elegiffe.
934 313 988 359 de
1014 330 1099 376 qua
1118 333 1219 363 cum
1247 317 1316 364 di·
1375 371 1378 373 Δ

45 396 219 430 ceretur
244 383 482 428 Antonino
500 385 660 430 Marco
673 418 686 441 ,
703 395 752 429 ut
768 383 1045 446 repudiaret,
1064 387 1095 433 fi
1119 404 1212 434 non
1233 405 1319 436 oc-

47 454 236 512 cideret,
261 453 414 500 dixisse
433 452 600 500 fertur:
626 457 674 500 Si
697 473 863 501 uxorem
885 460 1155 516 dimittimus,
1172 463 1318 507 redda-

48 549 140 576 mus
166 528 208 577 ξφ
226 533 372 576 docem.
395 530 499 576 Dos
522 541 669 576 autem
695 530 803 593 quid
819 543 937 589 erat,
959 532 1066 578 nifi
1055 536 1320 596 imperium,

49 604 175 665 quod
198 603 272 650 ille
292 603 348 649 ab
376 603 564 673 socero,
590 602 775 650 volente
799 567 1027 652 Hadriano
1053 606 1288 669 adoptatus
1305 645 1321 666 ,

51 677 316 738 acceperat?
336 677 533 723 Tantum
560 675 660 724 sane
680 677 800 724 valet
824 677 935 724 boni
959 678 1177 742 Principis
1199 681 1290 728 vita
1308 717 1324 739 ,

51 748 273 806 sanctitas,
295 748 620 812 tranquillitas,
643 749 809 812 pietas,
837 764 888 798 ut
914 750 1007 812 ejus
1034 751 1194 800 famam
1224 756 1327 801 nul-

52 821 137 870 lius
174 822 371 885 proximi
409 823 643 870 decoloret
673 823 858 871 invidia.
887 825 1099 888 Denique
1134 828 1327 874 Antoni-

54 912 143 955 no,
172 914 274 944 cum
310 897 410 944 suos
443 914 592 945 mores
626 897 796 960 semper
830 910 1030 956 teneret,
1068 916 1211 963 neque
1247 902 1329 950 ali-

55 969 179 1031 cujus
203 970 549 1018 insusurratione
574 984 844 1025 mutaretur,
873 988 967 1019 non
996 972 1144 1020 obfuit
1167 974 1329 1038 gladia·

55 1057 130 1092 tor
156 1043 296 1103 filius,
320 1062 438 1092 uxor
465 1043 669 1092 infamis:
694 1045 908 1109 Deusque
937 1046 1068 1093 etiam
1097 1065 1216 1096 nunc
1248 1050 1332 1097 ha-

57 1118 209 1175 betur,
237 1131 285 1165 ut
311 1118 446 1166 vobis
469 1118 566 1181 ipsis
583 1153 596 1173 ‚
633 1119 908 1169 sacratissime
937 1120 1183 1182 imperator-
1204 1122 1332 1170 Dio-

59 1189 271 1248 cletiane,
287 1191 336 1238 &
355 1189 522 1252 semper
552 1189 694 1237 visum
716 1190 777 1236 est
794 1225 807 1248 ‚
826 1192 877 1238 &
904 1191 1108 1251 videtur,
1128 1195 1205 1258 qui
1228 1212 1332 1244 eum

60 1261 174 1309 inter
197 1263 380 1309 numina
407 1262 580 1322 vestra,
615 1279 710 1310 non
741 1276 789 1310 ut
818 1279 1020 1323 ceteros,
1051 1267 1122 1312 sed
1161 1267 1335 1329 specia-

60 1336 160 1383 liter
184 1336 488 1395 veneramini,
524 1354 576 1384 ac
609 1337 721 1400 saepe
757 1337 933 1396 dicitis,
967 1357 1042 1386 vos
1070 1343 1159 1386 vita
1186 1340 1228 1388 Θ
1256 1347 1335 1389 cle-

62 1413 213 1457 mentia
243 1414 344 1456 tales
375 1409 444 1474 effe
474 1430 630 1472 cupere,
655 1414 791 1473 qualis
813 1412 908 1470 ficit
933 1416 1138 1459 AIarcus:
1165 1414 1334 1462 etiamst

60 1481 345 1544 philosophia
379 1499 462 1529 nec
494 1483 621 1529 Plato
654 1482 739 1529 effe
769 1483 927 1545 poffit,
949 1484 978 1529 fi
1009 1496 1259 1532 revertatur
1285 1486 1335 1534 in

63 1555 218 1603 vitain.
235 1558 284 1604 &
298 1556 476 1619 quidem
493 1556 585 1603 haec
602 1555 801 1602 breviter
819 1557 868 1602 δε
889 1555 1108 1618 congeste-

125 1631 232 1677 XX.
266 1629 354 1675 Sub
380 1630 539 1676 Marco
567 1628 805 1676 Antonino
833 1628 931 1674 haec
960 1629 1200 1693 suntgesta
1233 1634 1335 1695 post

64 1700 258 1749 fratrem.
273 1702 468 1749 Primum
488 1719 651 1765 corpus
669 1701 760 1763 ejus
780 1703 967 1747 Romam
989 1702 1223 1752 devechlm
1247 1708 1336 1767 est,

65 1778 114 1823 &
142 1775 312 1822 illatum
343 1774 561 1835 majorum
595 1775 829 1836 sepulcris:
861 1774 1008 1820 divini
1033 1775 1232 1823 honores
1262 1779 1338 1826 de-

69 1848 190 1897 creti.
214 1848 374 1895 deinde
392 1866 493 1896 cum
521 1850 678 1913 gratias
699 1860 846 1911 ageret
869 1849 1076 1904 Senatus,
1102 1852 1227 1913 quod
1250 1851 1340 1898 fra-

66 1933 178 1967 trem
205 1920 524 1978 consecrasset,
545 1921 724 1968 occulte
753 1919 974 1976 ostendit,
994 1921 1146 1968 omnia
1181 1923 1340 1972 bellica

67 1992 252 2041 consilia
275 1992 350 2040 sua
375 1992 522 2051 fuisse,
544 1994 704 2056 quibus
726 1992 916 2053 superari
945 1992 1044 2038 sunt
1064 1993 1225 2040 Parthi.
1247 1996 1340 2041 Ad-

71 2067 180 2114 didit
204 2081 416 2130 praeterea
434 2069 634 2131 quaedam
652 2104 665 2125 ‚
686 2067 847 2131 quibus
870 2067 1090 2124 ostendit,
1119 2071 1341 2116 nunc-de-

73 2156 194 2186 mum
227 2141 270 2188 se
300 2141 420 2205 quali
447 2157 470 2187 a
495 2140 722 2203 principio
752 2140 947 2186 acturum
979 2138 1062 2185 effe
1092 2141 1343 2201 rempubli-

71 2229 164 2261 cam
185 2249 198 2269 ‚
228 2227 382 2260 amoto
405 2229 490 2272 eo,
513 2213 590 2276 qui
619 2211 838 2259 remiflior
866 2209 1111 2257 videbatur,
1136 2211 1233 2257 Nec
1261 2212 1344 2258 ali-

5 2314 8 2316 *
72 2299 138 2334 ter
164 2289 349 2335 Senatus
379 2289 576 2352 accepit,
598 2305 728 2352 quam
759 2288 938 2332 Marcus
967 2284 1167 2339 dixerat3
1196 2297 1245 2331 ut
1275 2286 1344 2332 vi-

75 2360 251 2407 deretur
279 2361 439 2426 gratias
468 2378 619 2426 agere,
652 2361 776 2424 quod
802 2361 943 2405 Verus
970 2356 1207 2403 excefliffet
1235 2357 1345 2406 vita.

77 2431 299 2480 Omnibus
318 2433 475 2482 deinde
490 2433 750 2494 sororibu5,
773 2434 822 2481 δι
842 2428 1071 2536 είῆῡὶὶῡέὃ,
1093 2428 1143 2474 δέ
1163 2427 1312 2475 libelis
1328 2461 1344 2484 φ

1063 2509 1087 2537 2
