1637 2785
217 145 1094 196 1³12RT1NAX1MPERATOR.
1238 164 1322 213 131

44 255 187 303 sulatu
214 254 385 317 collega
415 252 585 311 fuerat,
613 254 662 301 δι
690 253 736 299 in
762 254 1089 301 proconsulatu
1117 253 1329 305 successe*

45 347 126 382 rat.
150 333 315 379 Milites
337 333 513 378 eum&
550 331 682 377 aulici
720 331 831 378 odio
874 332 1148 380 habuerunt:
1179 348 1330 396 popu-

43 409 111 473 lus
137 422 326 456 mortem
362 405 456 468 ejus
483 406 778 471 indignissime
816 407 949 465 tulit,
982 409 1085 471 quia
1121 410 1331 469 videbat,

46 491 200 542 omnia
226 507 304 552 per
328 507 432 538 eum
461 487 641 551 antiqua
677 486 798 550 poss‘e
830 487 1015 535 restitui.
1049 489 1195 551 Caput
1234 490 1329 552 ejus

45 583 188 622 conto
217 568 359 615 fixum
389 568 576 626 milites,
601 566 680 631 qui
705 583 806 613 eum
827 566 1117 627 occiderant,
1134 585 1214 631 per
1240 572 1331 617 Ut·-

46 650 148 698 bem
174 648 219 695 in
251 647 386 696 castra
416 646 708 709 pertulerunt.
736 644 956 708 Reliquiae
989 645 1110 708 ejus,
1144 663 1330 711 recupe-

47 743 148 775 rato
173 726 337 790 capite,
359 726 406 772 in
435 725 639 787 sepulcro
667 724 744 771 avi
771 725 921 772 uxoris
949 725 1109 773 locatae
1139 726 1252 775 sunt.
1277 729 1330 776 &

47 807 268 864 Julianus,
287 803 506 852 successor
524 803 640 850 illius
655 839 668 860 ,
690 819 855 865 corpus
873 803 966 865 ejus
981 818 1150 868 quanto
1176 807 1329 870 potuit

49 883 230 931 honore
261 882 488 931 funeratus
528 882 616 939 est,
644 898 744 928 cum
775 882 820 928 id
856 882 902 929 in
936 883 1103 930 Palatio
1139 885 1330 946 reperis-

51 965 139 1013 set:
161 963 238 1028 qui
269 978 494 1025 nunquam
520 964 614 1022 ejus
640 963 773 1009 ullam
799 962 1075 1010 mentionem
1105 965 1179 1011 vel
1210 965 1330 1028 apud

53 1044 273 1107 populum
290 1079 302 1101 ,
327 1042 398 1089 vel
414 1043 532 1104 apud
563 1040 756 1089 senatum
779 1041 956 1105 publice
977 1041 1105 1090 fecit:
1128 1043 1199 1091 sed
1224 1063 1329 1097 cum

52 1122 143 1186 ipse
170 1138 352 1186 quoque
375 1139 399 1168 a
426 1121 640 1168 militibus
668 1120 861 1168 desertus
887 1120 972 1181 jam
1004 1122 1134 1181 esset,
1154 1141 1232 1187 per
1260 1125 1328 1178 se-,

53 1213 206 1247 natum
227 1201 276 1247 &
295 1196 518 1261 populum
539 1195 741 1243 Pertinax
763 1195 807 1241 in
832 1196 959 1243 Deos
979 1196 1142 1246 relatus
1160 1199 1237 1249 est.

116 1279 221 1325 XV.
241 1277 333 1324 Sub
351 1278 521 1323 Severo
548 1287 696 1321 autem
715 1276 989 1338 Imperatore
1013 1292 1118 1324 cum
1145 1278 1332 1329 Senatus

53 1356 210 1421 ingens
236 1352 542 1403 testimonium
569 1352 784 1402 habuiffet
804 1352 1008 1400 Pertinax
1024 1390 1038 1411 ,
1060 1354 1192 1403 funus
1219 1358 1330 1405 ima-

54 1434 274 1500 ginarium
303 1432 344 1479 ei
378 1433 428 1480 &
460 1431 711 1480 censorium
742 1431 920 1478 duEtum
953 1432 1043 1489 est3
1069 1435 1119 1482 δε
1148 1436 1203 1483 ab
1233 1437 1331 1499 ipso

54 1517 225 1562 Severo
249 1510 424 1559 funebri
452 1510 711 1557 laudatione
738 1523 922 1557 ornatus
953 1510 1028 1558 est.
1060 1514 1151 1575 lpse
1180 1529 1330 1565 autem

56 1597 249 1642 Severus
271 1606 424 1637 amore
449 1590 559 1636 boni
583 1589 827 1650 Principis,
851 1591 898 1637 ὅ(
918 1606 939 1636 a
959 1592 1119 1638 Senatu
1140 1596 1333 1644 Pertina-

55 1677 117 1720 cis
155 1686 322 1717 nomen
356 1669 538 1731 accepit.
571 1668 707 1727 Filius
735 1668 973 1717 Pertinacis
1006 1671 1139 1732 patris
1172 1671 1333 1726 flamen

57 1747 120 1795 est
151 1745 300 1792 fastus.
327 1743 542 1791 Marciani
577 1743 770 1799 sodales,
797 1745 872 1807 qui
898 1745 1012 1793 Divi
1048 1749 1186 1796 Marci
1216 1750 1336 1801 sacra

59 1824 298 1879 curabant,
319 1824 524 1868 Helviani
548 1820 645 1868 sunt
663 1821 764 1869 diui
793 1835 976 1885 propter
999 1824 1212 1874 Helvium
1232 1829 1336 1877 Per-

57 1904 262 1952 tinacem.
286 1899 542 1958 Circenses,
574 1902 623 1947 &
656 1900 830 1963 imperii
850 1899 1002 1948 natalis
1033 1903 1202 1964 additi,
1223 1906 1337 1972 (qui

59 1999 84 2029 a
109 1983 278 2028 Severo
306 1977 455 2041 postea
479 1977 634 2024 sublati
660 1976 783 2041 sunt)
813 1980 861 2025 δι
885 1979 1126 2038 Genitiali,
1146 1984 1221 2046 qui
1246 2001 1340 2033 ma-

60 2072 180 2105 nent.
201 2057 343 2103 Natus
361 2067 508 2102 autem
535 2055 752 2101 Kalendis
781 2055 1011 2119 Augustis,
1040 2059 1163 2103 Vero
1191 2061 1239 2107 &
1268 2062 1342 2110 Bi.

61 2136 172 2183 bulo
197 2134 480 2181 Consulibus.
510 2132 766 2180 lnterfestus
793 2147 942 2180 autem
969 2134 1029 2180 est
1053 2135 1216 2198 quinto
1240 2140 1342 2192 Ka-,

63 2214 214 2262 lendas
242 2212 433 2274 Aprilis,
457 2213 649 2260 Falcone
683 2214 731 2260 &
758 2212 897 2259 Claro
930 2212 1219 2262 Consulibus.
1254 2215 1343 2263 Vi·-

63 2290 132 2336 xit
168 2289 292 2336 annis
333 2288 580 2351 sexaginta,
610 2290 832 2336 mensibus
869 2290 1057 2351 septem,
1087 2290 1239 2337 diebus
1269 2293 1346 2340 vi-

64 2367 173 2432 ginti
200 2367 539 2428 sex-Imperavit
555 2367 774 2414 mensibus
796 2367 968 2413 duobus
985 2400 997 2423 ‚
1020 2366 1173 2413 diebus
1195 2367 1345 2430 vigin-

70 2447 104 2493 ti
118 2445 330 2511 quinque.
352 2445 647 2510 Congiarium
670 2446 791 2494 dedit
818 2445 994 2554 popullo
1012 2444 1218 2494 denarios
1242 2463 1348 2496 cens

1012 2527 1036 2556 2
