1637 2785
249 172 351 220 AEL.
386 170 585 218 SPART.
624 170 987 218 PESCENNIUS
1024 171 1144 218 NIG.
1268 168 1353 235 165

80 276 318 342 piditatum
334 314 349 335 ,
369 277 551 324 ordines
576 275 651 322 diu
684 275 839 333 duxit,
859 276 1097 338 multisque
1127 275 1362 324 ducatibus
1394 267 1413 288 χ

79 350 312 414 pervenit,
344 361 391 395 ut
415 346 633 396 exercitus
652 348 864 412 Syriacos
881 347 995 408 juffu
1019 349 1264 396 Commodi
1285 366 1359 397 re-

76 437 230 487 geret,
249 420 457 485 suffragio
489 420 680 467 maxime
711 420 887 466 athletae
907 452 922 476 ,
944 420 1022 482 qui
1050 422 1359 469 Commodum

79 494 402 559 strangulavit:
430 509 480 541 ut
509 492 660 540 omnia
689 505 795 540 tunc
824 490 1005 540 fiebant.

145 572 196 617 11.
233 571 270 615 Is
308 567 595 630 posteaquam
633 564 853 628 comperit
891 564 1092 613 occisum
1132 566 1360 612 Commo-⁶

78 642 183 689 dum
200 676 212 696 ,
241 641 460 688 Julianum
483 643 797 701 Imperatorem
820 639 1089 701 appellatum
1107 674 1120 693 ‚
1141 639 1357 685 eundem-

76 729 162 776 que
180 711 292 773 juffu
315 711 532 759 Severi&
551 713 734 757 Senatus
753 710 947 758 occisum
962 746 973 767 ‚
989 710 1200 756 Albinum
1223 711 1359 758 etiam

78 787 125 832 in
156 785 302 832 Gallia
324 785 512 831 sumfiffe
543 800 708 831 nomen
735 784 1048 846 Imperatoris,
1071 783 1127 830 ab
1150 783 1360 829 exerciti-

77 859 163 906 bus
191 858 385 923 Syriacis
402 894 414 915 ,
443 874 560 922 quos
584 857 793 921 regebat,
816 857 1059 920 appellatus
1083 856 1142 903 est
1167 858 1363 919 Impera-

78 945 184 988 tor;
211 944 259 978 ut
287 931 466 994 quidam
496 931 678 987 dicunt,
707 930 845 995 magis
878 931 924 977 in
959 930 1124 979 Juliani
1161 930 1315 976 odium
1342 959 1365 986 ,

77 1022 210 1069 quam
241 1005 285 1050 in
315 1004 643 1051 aemulationem
675 1005 841 1051 Severi.
867 1004 982 1052 Huic
1013 1005 1075 1050 ob
1107 1004 1365 1051 detestatio-1

79 1093 181 1124 nem
217 1076 377 1124 Juliani
407 1074 561 1138 primis
588 1075 763 1138 imperii
799 1076 952 1123 diebus
983 1076 1042 1122 ita
1076 1076 1234 1121 Romae
1261 1075 1362 1122 fau-

75 1162 173 1198 tum
202 1149 262 1197 est
293 1167 316 1197 a
337 1149 626 1197 Senatoribus
660 1151 920 1208 dumtaxat,
951 1149 1028 1213 qui
1057 1150 1107 1196 δε
1141 1150 1362 1198 Severum

75 1223 270 1270 oderant
292 1258 305 1282 ‚
352 1234 400 1269 ut
441 1222 556 1268 inter
598 1222 895 1285 lapidationes
943 1222 1361 1283 exsecrationesque

77 1296 283 1343 omnium
311 1295 375 1342 illi
399 1295 579 1354 feliciter
610 1307 847 1355 optarent,
874 1294 1000 1342 illum
1029 1297 1264 1356 Principem
1289 1295 1362 1341 itt-¹·

78 1369 235 1432 super,
264 1370 312 1417 &
339 1367 464 1415 illum
496 1369 729 1434 Augustum
764 1368 956 1430 populus
982 1368 1260 1415 acclamaret.
1280 1370 1360 1416 Ju-

78 1440 246 1488 lianum
270 1452 414 1487 autem
435 1438 622 1486 oderant
653 1440 891 1502 populares
906 1475 919 1496 ‚
939 1440 1063 1504 quod
1081 1441 1361 1488 Pertinacem

79 1513 244 1560 milites
276 1511 561 1571 occidissent,
582 1515 630 1560 &
659 1512 786 1559 illum
816 1514 1134 1574 Imperatorem
1175 1513 1362 1559 adversa

80 1585 241 1648 populi
266 1585 504 1631 voluntate
523 1583 824 1646 appellassent.
846 1584 1056 1645 Denique
1073 1583 1273 1646 ingentes
1296 1584 1362 1630 ob

79 1659 172 1706 hoc
203 1657 440 1705 seditiones
468 1655 664 1703 fuerunt.
696 1656 760 1701 Ad
783 1655 1080 1702 occidendum
1103 1671 1250 1702 autem
1275 1655 1362 1702 Ni-

80 1748 222 1796 grum,
241 1728 557 1792 primipilarem
575 1728 772 1775 Julianus
795 1726 992 1785 miserat,
1013 1726 1138 1774 stulte
1163 1728 1217 1773 ad
1235 1744 1357 1786 eum,

78 1803 158 1867 qui
188 1803 369 1850 haberet
394 1802 644 1858 exercitus,
677 1802 725 1848 &
755 1800 795 1847 se
830 1800 943 1846 tueri
974 1799 1140 1863 poffet:
1174 1800 1361 1862 perinde

80 1875 201 1939 quafi
226 1874 414 1939 quilibet
444 1876 691 1937 Imperator
719 1890 743 1920 a
777 1873 1074 1936 primipilario
1106 1873 1248 1935 poffet
1281 1890 1360 1923 oc·

81 1949 182 1997 cidi.
202 1949 365 1996 Eadem
389 1960 534 2013 autem
551 1948 771 1994 dementia
786 1947 916 1993 etiarn
939 1948 1108 1994 Severo
1126 1946 1212 2008 jam
1234 1947 1363 2010 prin-

81 2023 172 2085 cipi
207 2022 402 2070 Julianus
437 2020 725 2070 successorem
754 2018 943 2068 miserat.
974 2019 1190 2082 Denique
1223 2021 1360 2068 etiam

81 2094 309 2158 Aquilium
346 2093 657 2141 centurionem
677 2128 689 2150 ‚
729 2106 888 2140 notum
925 2092 1118 2140 caedibus
1146 2091 1313 2139 ducum
1339 2127 1360 2150 ‚

81 2166 284 2222 miserat,
305 2166 425 2228 quasi
445 2168 694 2231 Imperator
714 2177 861 2212 tantus
881 2181 902 2211 a
927 2163 1192 2212 centurione
1216 2164 1362 2225 posset

4 2266 10 2270 ·
81 2239 247 2288 occidi.
274 2239 357 2286 Par
381 2238 572 2302 denique
599 2237 765 2285 insania
793 2236 876 2284 fuit
892 2274 904 2291 ‚
921 2236 1046 2300 quod
1066 2253 1166 2284 cum
1187 2237 1362 2283 Severo

81 2329 138 2359 ex
167 2310 405 2358 interdisio
431 2311 484 2358 de
516 2310 706 2372 imperio
741 2310 868 2375 egiffe
895 2309 1065 2369 fertur,
1087 2321 1134 2355 ut
1162 2307 1259 2370 jure
1285 2306 1360 2359 vie

82 2385 259 2433 deretur
287 2384 342 2430 ad
372 2382 671 2446 principatum
699 2383 960 2447 pervenisse.

147 2458 219 2505 111.
248 2455 303 2503 Et
331 2454 383 2504 de
415 2453 658 2505 Pescennio
686 2454 831 2522 Nigro
852 2452 1077 2518 judicium
1109 2451 1271 2518 populi
1300 2465 1360 2504 ex

946 2531 982 2577 L
1019 2542 1042 2591 3
