1637 2785
256 169 764 218 ALEXANDER
811 166 1183 220 SEVERUS.
1285 187 1372 236 303

93 272 285 319 cendum
317 273 403 318 dati
435 271 635 327 fuerant,
663 288 761 317 eum
797 274 1036 320 occidisse:
1067 275 1193 322 multi
1227 275 1378 323 aliter:

93 362 119 390 a
141 345 355 390 militibus
382 356 556 402 tamen,
586 342 781 398 constat,
814 360 914 391 cum
943 344 1160 404 injuriose
1185 348 1303 409 quasi
1332 348 1378 393 in

94 433 281 478 puerum
301 416 519 472 eundem,
543 418 591 463 &
621 428 805 462 matrem
839 414 934 476 ejus
965 433 1141 466 avaram
1172 420 1221 466 δε
1251 420 1380 480 cupi-

92 489 193 536 dam
209 524 221 545 ‚
240 489 378 536 multa
395 488 617 535 dixiffent.

160 563 257 609 LX.
285 562 530 625 Imperavit
561 561 690 609 annis
722 561 966 621 tredecim,
1005 562 1160 609 diebus
1191 580 1379 612 novem.

93 633 225 681 Vixit
248 634 375 682 annis
394 635 551 698 viginti
570 651 739 682 novem
756 671 770 691 ,
793 633 1015 681 mensibus
1039 634 1205 692 tribus,
1225 635 1380 684 diebus

93 708 274 770 septem.
304 709 405 772 Egit
435 708 586 755 omnia
617 725 673 754 ex
706 707 898 756 consilio
930 707 1115 766 matris,
1154 725 1256 756 cum
1292 728 1382 773 qua

93 780 271 828 occisus
300 783 375 829 est.
404 782 570 829 Omina
599 780 757 828 mortis
786 782 882 829 haec
920 780 1113 829 fuerunt.
1147 782 1265 828 Cum
1299 799 1382 830 na-

94 852 229 899 talem
255 854 373 901 diem
405 854 775 910 commendaret,
805 853 948 900 hostia
981 868 1164 901 cruenta
1195 854 1381 918 effugit,

96 927 174 983 &,
203 942 253 974 ut
285 927 326 974 se
354 927 552 975 civiliter
586 927 804 991 gerebat,
837 943 888 974 ac
926 925 1174 989 permixtus
1204 928 1382 989 populo

97 1013 215 1057 erat,
247 1000 389 1047 albam
412 1001 504 1063 ejus
523 1001 689 1048 vestem
711 1036 723 1058 ,
743 1016 844 1047 cum
866 1016 952 1062 qua
973 1001 1259 1058 constiterat,
1278 1018 1379 1048 cru·

97 1071 286 1121 entavit.
328 1076 499 1121 Laurus
535 1072 582 1120 in
619 1073 790 1120 Palatio
827 1071 1055 1133 cujusdam
1095 1073 1320 1132 civitatis,
1357 1090 1384 1122 a

95 1162 184 1208 qua
213 1146 578 1208 proficiscebatur
604 1146 660 1193 ad
689 1144 882 1201 bellum,
914 1144 1070 1208 ingens
1090 1147 1140 1192 &
1171 1145 1384 1208 antiqua,

97 1228 195 1264 tota
226 1217 373 1264 subito
402 1218 582 1265 decidit.
610 1217 809 1264 Arbores
828 1215 899 1264 fici
920 1229 1035 1276 tres,
1059 1234 1159 1281 quae
1184 1216 1293 1266 ficus
1311 1236 1385 1267 eas

99 1289 294 1349 ferrent,
319 1293 481 1356 quibus
509 1293 903 1338 Alexandrinarum
925 1306 1091 1337 nomen
1111 1290 1205 1348 est,
1234 1291 1384 1338 subito

97 1374 198 1408 ante
219 1363 336 1410 illius
358 1363 602 1410 tentorium
633 1362 924 1420 deciderunt,
949 1378 1050 1410 cum
1080 1364 1278 1409 tentoria
1298 1363 1383 1409 im-

96 1437 321 1500 peratoria
354 1438 420 1484 his
453 1453 630 1485 annexa
661 1437 811 1483 essent.
849 1436 1013 1482 Mulier
1049 1436 1218 1483 Druias
1256 1436 1384 1483 eunti

97 1510 366 1558 exclamavit
398 1510 582 1557 Gallico
617 1509 847 1567 sermone,
883 1511 1061 1566 Vadas,
1082 1526 1153 1553 nec
1176 1509 1384 1554 vic‘loriam

93 1585 253 1643 speres,
281 1603 351 1630 nec
370 1601 406 1630 te
425 1585 553 1630 militi
579 1601 649 1630 tuo
676 1586 831 1630 credas.
850 1580 1074 1627 Tribunal
1096 1579 1315 1638 ascendit,
1337 1592 1386 1627 ut

98 1656 477 1713 concionaretur,
497 1659 546 1704 &
575 1656 762 1704 faustum
789 1654 958 1718 aliquid
991 1652 1185 1700 diceret:
1207 1656 1266 1700 ita
1286 1671 1384 1701 cce·

101 1729 169 1792 pit
185 1765 197 1786 ,
236 1731 383 1790 Occiso
401 1734 648 1792 Imperatore
672 1733 966 1792 HeliogabaIO.
995 1728 1083 1774 hoc
1104 1741 1251 1774 tamen
1270 1727 1384 1774 omi-

101 1801 149 1847 ni
188 1800 307 1856 fuit,
339 1802 465 1865 quod
502 1802 644 1849 iturus
679 1803 733 1849 ad
772 1801 968 1858 bellum,
1006 1798 1170 1847 milites
1211 1799 1385 1864 alloqui

100 1874 249 1921 minus
281 1873 417 1920 fausta
445 1874 655 1921 oratione
683 1887 979 1935 coeptaverat.

167 1947 285 1992 LXI.
313 1947 399 1992 Sed
417 1946 512 1994 haec
536 1948 690 1994 omnia
717 1944 1101 1994 vehementissime
1119 1944 1383 1993 contemsit:

101 2019 414 2082 profeehisque
449 2020 504 2066 ad
537 2020 701 2066 bellum
723 2055 736 2077 ,
768 2020 813 2066 in
846 2019 954 2066 loco
994 2017 1125 2081 supra
1164 2018 1284 2064 dieto
1324 2018 1385 2064 ita

104 2093 279 2140 occisus
316 2094 392 2141 est.
422 2095 659 2141 Pranderat
690 2093 810 2141 forte
841 2093 1059 2156 publico,
1097 2105 1147 2139 ut
1180 2092 1350 2139 solebat
1369 2127 1385 2150 ‚

105 2167 334 2214 convivio
355 2203 369 2224 ‚
398 2168 444 2215 id
472 2168 533 2214 est
549 2204 563 2226 ,
584 2168 746 2231 apertis
775 2167 1078 2230 papilionibus
1096 2202 1109 2223 ‚
1140 2166 1244 2213 cibo
1263 2164 1384 2210 mili-

104 2241 189 2287 tari
227 2253 444 2303 accepto,
478 2239 661 2305 (neque
693 2241 813 2287 enim
842 2241 961 2287 aliud
989 2257 1012 2286 a
1050 2237 1386 2285 discutientibus

105 2312 321 2359 militibus
348 2312 394 2358 in
428 2312 633 2359 tentoriis
660 2312 722 2358 est
752 2310 1013 2374 repertum)
1047 2314 1096 2356 &
1122 2327 1223 2356 cum
1255 2309 1385 2371 quie-

108 2385 246 2432 sceret
282 2385 379 2446 post
410 2384 681 2431 convivium
702 2419 718 2443 ,
753 2385 863 2430 hora
898 2383 985 2429 diei
1024 2381 1116 2428 fere
1159 2381 1340 2442 septima
1369 2415 1385 2438 ,

107 2472 222 2503 unus
259 2473 316 2503 ex
346 2455 610 2518 Germanis,
641 2456 720 2523 qui
745 2455 994 2505 scurrarum
1026 2452 1226 2503 officium
1261 2451 1386 2505 sustiff
