1714 2807
334 132 368 182 '6
548 129 1423 184 AELIISPARTIANI

336 242 388 286 In
418 255 513 302 quo
540 239 821 302 magistratu,
852 252 900 286 ut
931 258 954 287 a
984 242 1093 287 Sura
1123 243 1377 305 comperit,
1404 244 1622 308 adoptan-

337 313 442 358 dum
477 311 518 358 se
545 329 569 359 a
595 312 796 372 Traiano
837 313 948 369 effe,
976 314 1031 358 ab
1059 313 1212 360 amicis
1248 315 1433 374 Traiani
1464 329 1624 364 conte·

335 385 433 432 mni
452 384 574 432 desiit
593 401 644 432 ac
661 383 840 448 negligi.
854 386 908 430 Et
928 384 1138 432 defunRO
1157 385 1335 448 quidem
1357 388 1466 434 Sura
1480 424 1494 444 ,
1511 389 1624 434 Tra-

336 456 430 520 jani
456 458 495 504 ei
526 458 796 505 familiaritas
833 458 1009 515 crevit,
1037 459 1163 505 causa
1194 460 1419 523 praecipue
1449 462 1625 509 oratio-

339 549 447 579 num
464 570 477 589 ‚
499 549 606 594 quas
631 548 716 594 pro
744 535 1020 595 Imperatore
1045 532 1301 580 dietaverat.

404 607 481 652 IV.
513 603 628 652 Usus
662 604 853 658 Plotinae
886 622 1069 668 quoque
1097 606 1288 653 fauore:
1318 606 1444 668 cujus
1478 607 1626 654 studio

340 677 473 725 etiam
495 679 662 742 legatus
680 714 695 737 ,
718 679 1022 741 expeditionis
1054 681 1270 727 Parthicae
1295 695 1500 744 tempore
1517 718 1530 738 ‚
1551 683 1626 729 de-

341 752 526 798 stinatus
557 752 631 798 est.
657 754 762 812 Qua
790 751 972 814 quidem
1005 753 1259 815 tempestate
1287 755 1493 801 utebatur
1531 755 1627 801 Ha-

341 824 520 870 drianus
546 824 741 871 amicitia
766 824 879 870 Sosii
915 825 1082 886 Pappi,
1110 826 1157 871 ὅ(
1185 825 1382 873 Plaetorii
1408 827 1628 890 NepotiS,

339 912 399 943 ex
429 896 656 942 senatorio
679 896 871 942 ordine:
903 913 959 942 ex
993 897 1183 959 equestri
1215 911 1361 944 autem
1383 935 1395 953 ,
1429 898 1627 955 Attiani,

340 969 505 1016 tutoris
536 969 765 1031 quondam
800 968 890 1027 sui,
911 970 960 1015 ὃ(
983 970 1163 1015 Liviani
1181 970 1425 1017 Turbonis.
1446 975 1493 1018 ln
1512 971 1628 1017 ado-

340 1040 512 1104 ptionis
540 1040 827 1102 sponsionem
852 1040 976 1087 venit
994 1077 1006 1099 ,
1039 1042 1185 1087 Palma
1211 1043 1260 1087 δέ
1290 1043 1452 1101 Celso,
1480 1042 1630 1091 inimi-

340 1116 407 1163 cis
430 1115 600 1176 semper
624 1114 708 1162 suis
728 1151 740 1173 ,
773 1117 822 1162 &
847 1131 962 1178 quos
988 1116 1136 1176 postea
1168 1116 1258 1176 ipse
1286 1115 1510 1164 insecutus
1539 1117 1632 1172 est,

339 1187 389 1235 in
413 1188 709 1250 suspicionem
730 1188 938 1235 affeElatae
967 1188 1222 1251 tyrannidis
1253 1189 1394 1251 lapfis.
1419 1189 1630 1236 Secundo

337 1262 512 1308 Consul
544 1261 703 1309 favore
738 1263 929 1309 Plotinae
960 1262 1128 1320 faetus,
1158 1273 1301 1308 totam
1337 1262 1625 1324 praesumtio-

342 1353 447 1382 nem
475 1337 736 1398 adoptionis
755 1337 959 1383 emeruit.
977 1337 1236 1398 Corrupiffe
1253 1353 1354 1383 eum
1372 1337 1555 1396 Trajani
1577 1336 1631 1383 li-

341 1410 522 1467 bertos,
541 1410 707 1457 curasse
745 1411 986 1467 delicatos,
1008 1410 1275 1472 cosdemque
1314 1410 1531 1473 sepelisse,
1552 1425 1632 1472 per

342 1499 393 1530 ea
412 1496 641 1545 tempora,
667 1484 827 1548 quibus
847 1484 892 1530 in
924 1485 1021 1531 aula
1049 1484 1310 1530 familiarior
1334 1483 1444 1541 fuit,
1467 1485 1632 1546 opinio

342 1558 481 1604 multa
512 1556 723 1605 firmavit.
746 1558 928 1618 Quinto
962 1559 1117 1604 Iduum
1139 1558 1324 1620 Augusti
1345 1558 1439 1616 die,
1461 1559 1632 1622 legatus

343 1630 512 1694 Syriae,
535 1632 681 1679 literas
711 1631 971 1693 adoptionis
999 1632 1197 1693 accepit:
1218 1633 1399 1694 quando
1425 1634 1474 1680 &
1503 1645 1633 1681 nata-2

344 1704 432 1750 lem
472 1704 732 1767 adoptionis
771 1705 983 1752 celebrari
1014 1703 1145 1764 juffit.
1179 1705 1339 1751 Tertio
1369 1707 1524 1752 Iduum
1561 1722 1633 1752 ea-

345 1776 535 1822 rundem
559 1813 571 1834 ,
602 1779 787 1839 quando
818 1780 866 1825 &
896 1778 1085 1824 natalem
1119 1777 1294 1840 imperii
1334 1777 1483 1824 statuit
1512 1778 1633 1825 cele-

345 1848 592 1905 brandum,
627 1852 823 1896 excessus
854 1851 894 1896 ei
933 1849 1116 1910 Traiani
1152 1850 1382 1897 nuntiatus
1415 1850 1490 1896 est.
1531 1854 1632 1897 Fre·

344 1938 487 1983 quens
516 1922 615 1969 sane
641 1923 801 1983 opinio
823 1922 908 1968 fuit
924 1958 938 1980 ‚
962 1921 1164 1981 Traiano
1186 1921 1232 1967 id
1257 1921 1391 1967 animi
1410 1921 1562 1980 fuisse,
1582 1932 1634 1969 ut

347 1995 583 2042 Neratium
624 1995 849 2051 Priscum,
883 2012 976 2040 non
1019 1995 1314 2050 Hadrianum,
1339 1995 1633 2042 successorem

346 2067 651 2129 relinqueret,
680 2068 829 2114 multis
849 2069 1003 2114 amicis
1034 2070 1078 2113 in
1106 2069 1193 2113 hoc
1227 2068 1632 2123 consentientibus,

347 2138 484 2198 usque
517 2155 571 2184 eo
589 2175 602 2195 ,
629 2152 677 2202 ut
702 2138 851 2185 Prisco
875 2140 1115 2200 aliquando
1147 2139 1338 2183 dixerit:
1380 2141 1631 2184 Commendo

347 2215 423 2258 tibi
441 2215 687 2273 provincias
705 2248 716 2270 ‚
727 2214 778 2277 st
796 2216 898 2272 qzss'd
912 2215 1016 2258 milii
1029 2212 1168 2271 jiztalc
1191 2215 1412 2275 contigerit.
1431 2214 1484 2257 Et
1504 2211 1633 2257 multi

347 2285 533 2347 quidem
567 2287 751 2343 dicunt,
774 2286 1014 2344 Traianum
1051 2285 1097 2331 in
1132 2285 1283 2330 animo
1323 2286 1367 2330 id
1407 2284 1632 2338 habuisse,

349 2370 403 2404 ut
423 2393 435 2412 ‚
457 2360 663 2421 exemplo
685 2359 925 2405 Alexandri
954 2357 1243 2415 Macedonis,
1272 2357 1361 2403 sine
1391 2370 1516 2403 certo
1537 2357 1633 2402 suc-

348 2431 517 2479 cessore
542 2444 793 2479 moreretur
815 2450 825 2478 :
849 2432 1002 2489 multi,
1032 2431 1086 2477 ad
1110 2431 1307 2477 senatum
1330 2446 1430 2476 eum
1458 2426 1633 2475 oratio-
