1637 2785
258 142 1112 189 PERTINAXwMPERATOR.
1254 159 1338 206 ης

64 264 140 298 tor
165 249 225 297 est
250 250 399 297 factus.
432 250 515 297 Sed
546 266 649 296 cum
686 252 811 296 Laeto
841 250 1000 311 gratias
1030 249 1178 313 egisset
1207 250 1345 297 Perti-

65 340 153 369 nax
173 359 186 380 ,
215 325 349 370 Falco
383 321 554 369 Consul
579 321 722 367 dixit:
747 324 901 383 Qualis
924 325 1151 383 Imperator
1171 323 1346 382 essum-

64 416 158 452 ηις,
183 399 278 442 lzinc
305 398 602 458 intelligimus,
624 399 736 457 quod
758 398 913 441 Laetum
940 395 982 441 δ’
1005 401 1213 443 Marciam
1231 433 1244 455 ‚
1264 401 1346 443 mi-

64 471 210 533 nistros
226 470 421 529 fielerum
458 471 701 525 Commodi,
722 468 813 532 post
840 484 876 513 te
902 470 1097 514 videmus.
1132 470 1204 516 cui
1238 471 1348 515 Per-

63 544 187 587 tinax
211 541 440 603 respondit
461 559 473 587 :
503 542 675 588 Iuvenis
700 558 740 586 es
769 542 946 601 Consul,
980 561 1050 587 nec
1066 545 1247 602 parendi
1259 545 1347 602 ftis

64 612 336 675 necqfficatem.
361 615 598 659 Paruerurzt
629 613 758 658 inviti
789 616 1139 675 Commoda-sled
1167 618 1237 659 ubi
1271 619 1347 659 lia-

65 688 233 731 buerunt
236 686 486 744 facultatem
503 721 515 741 ‚
537 687 640 747 quid
651 686 815 746 semper
832 690 1058 742 voluerim,
1078 687 1348 751 ostenderunt.

65 759 229 804 Eadem
259 759 356 813 die,
381 775 467 821 qua
492 758 710 820 Augustus
743 757 804 803 est
828 758 1107 819 appellatus,
1126 759 1174 805 &
1196 758 1351 804 Flavia

65 832 271 890 Titiana,
301 848 421 878 uxor
449 832 569 893 ejus,
597 832 792 894 Augusta
815 832 876 877 est
904 832 1151 895 appellata,
1172 832 1239 877 his
1265 831 1349 877 ho-

66 907 151 962 ris,
179 905 339 968 quibus
370 904 445 951 ille
475 905 522 950 in
558 903 835 965 Capitolium
867 918 975 950 vota
1005 903 1223 950 solvebat.
1258 903 1354 964 pri-

68 995 165 1026 mus
200 979 301 1025 sane
337 977 545 1025 omnium
583 994 633 1024 ea
667 978 767 1036 die,
799 994 890 1040 qua
924 978 1145 1042 Augustus
1176 977 1238 1024 est
1274 995 1353 1040 ap-

69 1054 258 1116 pellatus
280 1090 294 1113 ‚
321 1053 450 1101 etiam
481 1052 621 1100 Patris
655 1053 808 1114 patriae
836 1070 1005 1100 nomen
1032 1052 1199 1115 recepit
1222 1069 1234 1098 :
1268 1067 1353 1098 nec

72 1142 168 1172 non
197 1125 328 1172 fimul
355 1125 487 1172 etiam
514 1124 750 1186 imperium
778 1124 1126 1187 proconsulare,
1148 1140 1232 1171 nec
1256 1139 1354 1169 non
1378 1159 1384 1163 .

69 1198 138 1259 jus
173 1209 343 1261 quarta:
367 1196 619 1243 relationis:
650 1197 776 1260 quod
800 1196 966 1244 ominis
998 1195 1107 1243 loco
1134 1195 1219 1242 fuit
1245 1196 1355 1241 Per-

70 1271 220 1319 tinaci.
238 1272 309 1317 Ad
330 1270 540 1333 palatium
560 1286 667 1333 ergo
687 1271 895 1318 Pertinax
921 1270 1172 1334 ρτοῖεὲὶυς,
1196 1268 1356 1332 (quod

70 1358 180 1392 tunc
204 1362 398 1392 vacuum
428 1357 546 1401 erat,
571 1344 674 1406 quia
703 1344 988 1390 Commodus
1017 1343 1064 1390 in
1095 1342 1358 1389 Veffilianis

72 1418 246 1466 occisus
273 1417 368 1481 est)
399 1416 569 1479 petenti
600 1416 770 1479 signum
795 1417 939 1480 prima
965 1416 1035 1462 die
1070 1416 1253 1462 tribuno
1281 1416 1356 1459 de·

72 1492 168 1549 dit,
197 1495 458 1549 Militemus,
484 1492 764 1553 exprobrans
795 1490 952 1552 utique
983 1488 1211 1551 segnitiem
1242 1500 1359 1534 tem-

73 1581 238 1628 porum
274 1564 579 1625 superiorum:
622 1564 748 1626 quod
780 1563 966 1627 quidem
999 1562 1133 1609 etiam
1169 1573 1271 1608 ante
1308 1559 1358 1606 in

76 1638 287 1684 omnibus
306 1637 540 1691 ducatibus
561 1638 757 1684 dederat.
1275 1687 1277 1690 ,

141 1712 219 1758 VI.
236 1710 647 1772 Exprobrationem
672 1723 820 1758 autem
840 1709 961 1757 istam
986 1708 1150 1756 milites
1173 1724 1270 1755 non
1289 1719 1358 1753 tu-

76 1786 249 1843 lerunt,
280 1786 514 1846 statimque
544 1786 598 1832 de
627 1787 902 1848 Imperatore
936 1784 1153 1831 mutando
1186 1781 1361 1845 cogita-

74 1874 197 1908 runt.
216 1861 278 1907 Ea
295 1860 366 1906 die
383 1859 516 1907 etiam
534 1860 588 1906 ad
610 1859 880 1906 convivium
896 1859 1172 1921 magistratus
1190 1859 1236 1904 &
1254 1872 1360 1918 pro-

78 1950 201 1981 ceres
220 1935 405 1980 Senatus
433 1933 638 1996 rogavit:
662 1950 794 1995 quam
820 1931 1188 1980 consuetudinem
1213 1932 1359 1978 Com-

75 2008 238 2054 modus
263 2007 610 2069 praetermiserat.
637 2008 747 2053 Sane
760 2043 776 2064 ‚
800 2023 900 2053 cum
929 2006 1111 2069 postero
1135 2005 1363 2051 Kalenda-

77 2095 174 2125 rum
203 2077 274 2125 die
298 2077 445 2124 statuae
477 2078 727 2124 Commodi
749 2077 1070 2137 dejicerentur,
1093 2083 1363 2139 gemuerunt

76 2149 265 2204 milites;
280 2148 433 2206 fimul,
451 2149 557 2212 quia
574 2149 734 2196 iterum
755 2149 924 2213 signum
944 2149 1061 2196 idem
1080 2147 1259 2194 dederat
1276 2148 1364 2192 Im·

76 2232 270 2283 perator.
293 2220 555 2268 Timebatur
583 2226 737 2269 autem
761 2221 922 2268 militia
951 2221 1029 2268 sub
1054 2220 1154 2267 sene
1173 2222 1363 2280 Impera-

80 2310 193 2342 tore.
227 2295 440 2357 Denique
470 2295 650 2343 tertium
678 2296 917 2342 Nonarum
955 2294 1071 2341 diem
1105 2293 1228 2340 votis
1260 2293 1363 2355 ipsis

79 2367 243 2413 milites
264 2366 493 2416 Triarium
519 2370 775 2415 Maternum
800 2367 1081 2424 Lascivium,
1112 2366 1361 2413 senatorem

81 2439 314 2503 nobilem,
346 2441 508 2489 ducere
534 2440 582 2489 in
611 2441 747 2490 castra
779 2441 1058 2500 voluerunt,
1082 2452 1129 2487 ut
1158 2455 1259 2486 eum
1292 2454 1361 2485 re-
