1637 2785
325 121 639 169 AELIUS
706 121 1046 170 VERUS.
1255 141 1306 188 31

44 232 156 279 liber
192 230 320 277 debet
341 227 492 276 omnia
509 263 523 284 ,
560 244 660 290 quae
699 228 752 274 ad
773 228 950 275 stemma
977 229 1149 292 generis
1175 231 1316 292 perti-

44 316 180 359 nent,
194 301 423 349 continere
439 335 452 357 ‚
468 301 543 363 qui
564 300 960 362 habetPrincipem
979 335 993 358 ,
1017 303 1068 346 de
1100 317 1192 362 quo
1212 302 1316 363 plu-

43 394 90 425 ra
116 375 298 423 dicenda
328 374 439 422 sunt.

108 450 178 495 111.
199 448 450 510 Adoptatus
471 459 616 494 autem
646 446 785 494 AElius
806 450 950 494 Verus
978 446 1034 493 ab
1056 447 1286 493 Hadriano
1303 482 1318 505 ,

43 538 100 570 eo
121 534 347 583 tempore,
367 537 462 583 quo
487 519 572 581 jam
589 557 602 579 ‚
625 535 673 567 ut
697 521 894 584 superius
924 521 1142 578 diximus,
1163 538 1318 581 parum

43 594 252 657 vigebat,
276 595 321 641 δι
343 594 395 639 de
420 593 665 640 successore
699 595 940 641 necessario
969 594 1214 655 cogitabat:
1234 593 1319 639 sta-

41 666 210 730 timque
240 678 407 729 praetor
432 665 594 725 faCtus,
623 668 671 714 ὅ(
707 666 949 714 Pannoniis
975 667 1064 711 dux
1095 683 1146 712 ac
1177 666 1321 712 rector

38 737 298 800 impolitus,
317 756 426 785 mox
447 740 607 787 consul
626 754 795 787 creatus
812 775 825 797 ‚
846 741 921 798 &,
944 739 1050 801 quia
1073 752 1166 784 erat
1187 738 1322 798 depu-

41 822 154 857 tatus
174 811 364 872 imperio
381 846 394 867 ‚
417 811 576 857 iterum
598 811 757 858 consul
783 811 1028 874 designatus
1054 809 1129 855 cst.
1149 811 1324 856 Datum

42 882 172 929 etiam
208 883 381 945 populo
420 884 699 946 congiarium
741 883 867 930 causa
908 883 998 943 ejus
1040 882 1323 943 adoptionis,

39 955 342 1018 collatumque
360 955 574 1001 militibus
593 956 674 1001 HS.
695 967 762 997 ter
785 955 941 997 millies
956 986 969 1007 ,
990 953 1208 997 circenses
1227 951 1318 997 edi·

42 1022 104 1080 ti;
125 1039 267 1086 neque
287 1027 529 1086 quidquam
554 1024 885 1084 praetermissum
903 1059 917 1081 ,
936 1024 1059 1086 quod
1081 1023 1223 1085 pofl‘et
1245 1024 1324 1070 lae-

41 1096 184 1143 titiam
212 1097 434 1159 publicam
460 1094 753 1159 frequentare.
778 1096 1065 1158 Tantumque
1089 1097 1206 1158 apud
1231 1097 1325 1143 Ha·

42 1169 248 1215 drianum
277 1169 532 1230 Principem
565 1168 736 1225 valuit,
772 1181 844 1225 ut,
878 1182 1037 1229 praeter
1064 1168 1326 1230 adoptionis

44 1241 246 1287 affecium
261 1275 275 1298 ,
293 1256 386 1302 quo
409 1240 450 1286 ei
470 1239 707 1286 videbatur
727 1238 955 1300 adjunctus
970 1275 983 1298 ,
1003 1240 1121 1286 solus
1141 1240 1295 1287 omnia
1310 1276 1326 1301 ,

43 1330 143 1376 quae
168 1326 349 1376 cuperet
366 1347 379 1369 ‚
399 1311 531 1358 etiam
558 1328 635 1374 per
655 1313 802 1358 literas
820 1312 1092 1375 impetraret.
1112 1315 1204 1359 Nec
1221 1329 1328 1375 pro·

44 1386 208 1434 vinciae
244 1387 454 1450 quidem,
488 1386 559 1432 cui
596 1386 857 1448 praepofitus
893 1400 1010 1443 erat,
1041 1385 1197 1433 defuit.
1226 1404 1326 1432 nam

44 1460 158 1506 bene
177 1459 302 1522 gestis
321 1460 451 1505 rebus
468 1495 483 1516 ,
504 1460 578 1505 vel
600 1460 749 1521 potius
766 1458 978 1517 feliciter,
997 1459 1074 1505 etsi
1095 1475 1188 1505 non
1208 1458 1330 1506 sum-

44 1530 132 1588 mi,
152 1530 297 1576 medii.
315 1542 462 1576 tamen
490 1530 687 1576 obtinuit
714 1531 838 1577 ducis
862 1529 1039 1576 famam.
1065 1530 1153 1577 Hic
1178 1543 1328 1577 tamen

45 1604 319 1651 valetudinis
339 1605 450 1650 adeo
483 1604 653 1650 miserae
678 1604 787 1662 fuit,
808 1618 858 1651 ut
889 1605 1159 1651 Hadrianum
1184 1605 1329 1652 statim

47 1676 309 1738 adoptionis
338 1676 631 1738 poenituerit;
662 1677 948 1740 potueritque
977 1694 1079 1723 eum
1113 1693 1328 1724 amovere

46 1766 71 1796 a
101 1748 267 1795 familia
293 1749 605 1809 imperatoria,
629 1766 727 1796 cum
760 1750 872 1812 saepe
895 1750 948 1795 de
968 1750 1064 1796 aliis
1086 1751 1331 1813 cogitaret,

47 1820 76 1867 fi
97 1820 214 1866 forte
243 1820 430 1867 vixiffet.
449 1823 603 1867 fertur
622 1821 815 1883 denique
833 1822 888 1868 ab
908 1822 1003 1879 his,
1023 1823 1100 1884 qui
1119 1823 1330 1869 Hadriani

48 1893 186 1939 vitam
218 1892 472 1954 diligentius
495 1893 541 1938 in
571 1893 720 1940 literas
746 1895 1025 1958 retulerunt,
1055 1896 1329 1942 Hadrianum

49 1965 157 2011 Veri
181 1963 297 2011 sciffe
330 1965 572 2027 genituram
590 2001 604 2023 ,
624 1968 672 2012 &
700 1983 798 2011 eum
815 2001 829 2022 ,
856 1984 989 2029 quem
1015 1984 1110 2012 non
1140 1969 1331 2014 multum

48 2040 103 2088 ad
121 2041 438 2102 rempublicam
454 2041 689 2103 gerendam
710 2040 920 2102 probat-et
936 2075 950 2098 ,
969 2039 1032 2084 ob
1052 2040 1140 2086 hoc
1157 2053 1331 2086 tantum

50 2113 300 2175 adoptasse,
321 2126 370 2159 ut
390 2113 472 2159 suae
497 2111 764 2159 satisfaceret
785 2112 1036 2174 voluptati;
1055 2115 1102 2158 δι
1120 2147 1133 2169 ,
1155 2126 1204 2158 ut
1230 2113 1334 2174 qui·

53 2187 154 2232 dam
194 2185 373 2242 dicunt,
410 2185 717 2246 jurijurando,
747 2185 871 2247 quod
907 2184 1184 2230 interceffiffe
1217 2184 1334 2231 inter

52 2258 193 2320 ipsum
226 2273 276 2304 ac
310 2259 477 2302 Verum
513 2257 688 2304 secretis
721 2255 1061 2303 conditionibus
1100 2254 1335 2303 ferebatur.

23 2364 26 2366 -
53 2331 196 2378 Fuiffe
215 2331 332 2378 enim
355 2329 625 2377 Hadrianum
649 2331 838 2393 peritum
871 2328 1144 2383 matheseos,
1167 2328 1336 2375 Marius

55 2405 277 2454 Maximus
300 2404 435 2469 usque
453 2404 566 2452 adeo
585 2402 884 2463 demonstrat,
905 2415 953 2450 ut
969 2416 1072 2450 eum
1093 2400 1208 2451 dicat
1228 2416 1338 2453 cun:
