1637 2785
1277 169 1336 218 29

144 429 438 500 AELII
501 429 1240 501 SPARTIANI

62 615 158 692 ΑΞ
221 617 284 691 L
347 617 382 691 1
444 615 520 691 U
580 614 627 689 s
725 615 803 689 V
866 616 925 689 E
1001 616 1070 690 R
1134 615 1211 692 U
1291 596 1337 690 s

656 780 750 821 AD

273 915 913 964 DIOCLETIANUM
965 918 1143 965 AUG.

77 1210 510 1259 DIOCLETIANO
546 1213 695 1261 AUG.
728 1213 914 1259 AELIUS
951 1203 1338 1259 SPARTlANUs'

458 1320 610 1368 SUUS
644 1320 946 1366 SALUTEM.

58 1489 93 1536 1.
131 1447 214 1534 IN
247 1487 401 1536 animo
429 1487 538 1536 mihi
573 1489 659 1548 est,
692 1488 982 1537 Diocletiane
1019 1489 1242 1553 Auguste,
1272 1501 1342 1537 tot

7 1566 11 1569 “
57 1561 312 1624 Principum
337 1561 556 1621 maxime,
574 1579 668 1609 non
694 1563 835 1609 solum
851 1578 956 1621 eos,
972 1562 1051 1625 qui
1080 1563 1341 1625 Principum

59 1634 213 1681 locum
232 1635 276 1680 in
298 1636 380 1682 hac
399 1635 610 1692 statione,
629 1653 762 1698 quam
788 1650 1004 1697 temperas
1019 1672 1031 1693 ,
1052 1648 1346 1695 retentarunt,

61 1718 113 1753 ut
132 1706 265 1769 usque
285 1707 339 1752 ad
359 1707 535 1754 Divum
556 1707 829 1754 Hadrianum
843 1707 930 1754 feci
944 1743 958 1765 ,
975 1707 1046 1753 sed
1062 1707 1165 1753 illos
1186 1708 1345 1767 etiam,

59 1779 139 1841 qui
157 1779 234 1826 vel
257 1779 483 1826 Caesarum
508 1779 694 1826 nomine
721 1779 932 1842 appellati
956 1778 1082 1837 sunt,
1107 1796 1191 1825 nec
1218 1779 1346 1825 Prin-

61 1853 185 1917 cipes
209 1866 286 1900 aut
313 1854 500 1917 Augusti
529 1854 738 1913 fuerunt,
766 1853 840 1900 vel
866 1853 1072 1917 quolibet
1096 1853 1186 1899 alio
1208 1870 1344 1916 gene-

60 1942 110 1974 re
142 1942 219 1973 aut
249 1926 294 1973 in
329 1926 523 1986 famam,
558 1940 633 1973 aut
665 1927 712 1974 in
748 1927 866 1989 spe‘m
899 1926 1173 1989 principatus
1203 1943 1345 1973 vene-

63 2011 196 2058 runt,
213 1998 468 2063 cognitioni
488 2000 686 2047 numinis
705 2000 769 2047 tui
789 1999 982 2046 sternere
996 2017 1006 2046 :
1020 2015 1212 2063 quorum
1231 2016 1343 2061 prae-

65 2071 197 2134 cipue
226 2073 279 2118 de
304 2072 423 2119 AElio
443 2074 568 2119 Vero
587 2062 825 2120 dicendum
850 2072 936 2128 est,
964 2072 1042 2136 qui
1061 2071 1230 2134 primus
1250 2084 1345 2117 tan-

64 2156 159 2190 tum
196 2146 367 2210 Caesaris
406 2161 575 2192 nomen
613 2146 815 2208 accepit,
843 2145 1091 2208 adoptione
1129 2143 1341 2190 Hadriani

63 2217 244 2265 familiae
279 2219 540 2281 Principum
575 2220 834 2282 adscriptus.
868 2220 922 2265 Et
954 2219 1166 2281 quoniam
1211 2216 1342 2263 nimis

64 2309 204 2355 pauca
227 2291 414 2338 dicenda
441 2291 566 2351 sunt,
592 2310 673 2340 nec
703 2294 834 2339 debet
864 2292 1081 2356 prologus
1110 2292 1342 2338 enormior

66 2364 178 2420 effe,
209 2380 340 2426 quam
368 2362 542 2421 fabula,
577 2365 630 2410 de
658 2364 755 2426 ipso
790 2365 874 2425 jam
908 2365 1085 2425 loquar.

131 2439 181 2483 11.
207 2436 425 2500 Ceionius
445 2438 755 2494 Commodus,
778 2438 854 2502 qui
877 2440 926 2486 &
945 2437 1083 2484 AElius
1104 2440 1247 2485 Verus
1267 2453 1340 2501 ap=
