1637 2785
285 146 573 196 PROBUS
619 144 1078 192 IMPERATOR.
1249 161 1336 209 223

59 256 258 320 drungos
280 255 422 318 usque
451 253 505 300 ad
535 252 878 315 quinquagenos
897 248 1109 296 homines
1140 259 1242 294 ante
1265 248 1344 294 tri-

58 329 274 390 umphurn
307 325 449 372 duxit.
477 323 777 369 Venationern
799 321 845 367 in
871 322 1010 369 Circo
1034 320 1344 381 ampliffimam

58 401 205 458 dedit,
233 400 292 446 ita
321 410 372 445 ut
400 398 597 460 populus
629 400 790 444 cuncta
817 399 1042 459 diriperet.
1077 398 1235 444 Genus
1261 412 1343 442 au-

57 489 148 521 tem
180 471 415 535 spe&aculi
441 471 522 518 fuit
549 470 650 518 tale.
680 474 878 516 Arbores
912 469 1104 526 validae,
1127 487 1205 532 per
1231 469 1348 516 mili-

57 557 123 593 tes
141 538 351 594 radicitus
373 545 529 603 vulsae,
555 545 775 593 connexis
796 544 881 590 late
901 544 1126 606 longeque
1146 544 1347 591 trabibus

57 620 204 666 affixae
239 618 366 677 sunt,
388 632 501 665 terra
529 618 689 664 deinde
713 615 953 678 superjeffla
969 651 983 672 ‚
1014 615 1223 678 totusque
1243 616 1347 662 Cir-

58 711 137 742 cus
163 694 216 740 ad
249 693 374 740 silvae
403 692 601 741 consitus
628 691 840 755 speciem,
867 691 1005 753 gratia
1034 691 1148 737 novi
1177 691 1348 738 viroris

59 765 319 814 effronduit.
349 765 529 812 Immiffi
564 765 723 811 deinde
753 781 829 828 per
863 780 1020 810 omnes
1052 763 1197 810 aditus
1228 764 1347 809 stru-

58 837 242 898 thiOnes
279 836 428 893 mille,
461 836 584 884 mille
614 836 768 893 cervi,
795 835 917 882 mille
954 835 1079 896 apri,
1107 834 1230 882 misse
1273 836 1345 881 da·

59 929 144 959 mae
162 949 175 972 ,
205 912 370 971 ibices,
398 929 512 960 oves
540 913 673 969 ferae,
696 912 746 959 δέ
767 924 910 958 cetera
929 909 1154 957 herbatica
1177 909 1349 956 anima-

26 1026 32 1032 .
61 988 120 1033 lia
138 1022 151 1043 ‚
177 998 344 1048 quanta
366 984 439 1031 vel
458 984 515 1030 ali
541 995 785 1047 potuerunt
801 1021 814 1040 ‚
835 983 909 1029 vel
937 981 1147 1028 inveniri.
1170 981 1349 1028 immisti

64 1059 227 1106 deinde
251 1058 516 1121 populares:
536 1056 682 1118 rapuit
700 1056 902 1119 quisque,
919 1055 1047 1118 quod
1064 1053 1226 1102 voluit·
1245 1054 1351 1100 Edi-

63 1133 130 1180 dit
155 1132 237 1179 alia
272 1132 343 1178 die
367 1131 412 1178 in
433 1130 785 1193 Amphitheatro
811 1146 902 1174 una
929 1128 1135 1174 miffione
1165 1140 1352 1175 centum

61 1204 241 1267 jubatos
268 1206 448 1262 leones,
471 1204 549 1267 qui
578 1202 799 1266 rugitibus
832 1201 929 1248 suis'
949 1201 1150 1248 tonitrua
1176 1202 1350 1250 excita-

65 1278 203 1324 bant:
236 1277 315 1340 qui
344 1292 503 1323 omnes
540 1291 565 1324 e
605 1273 788 1337 posticis
828 1273 1052 1321 interemti
1086 1275 1217 1333 sunt,
1252 1292 1350 1322 non

63 1367 270 1413 magnum
290 1351 538 1411 praebentes
556 1347 848 1409 spec-taculum
863 1383 875 1404 ‚
895 1364 996 1393 cum
1013 1347 1352 1394 occidebantur.

62 1439 208 1486 neque
240 1423 358 1468 enim
392 1433 486 1467 erat
513 1420 747 1466 bestiarum
777 1420 970 1481 impetus
1002 1420 1103 1478 ille,
1127 1419 1204 1482 qui
1223 1420 1305 1466 effe
1327 1438 1351 1467 ε

63 1495 217 1544 caveis
260 1493 590 1557 egredientibus
633 1492 759 1538 solet.
802 1492 952 1540 Occisi
995 1493 1097 1539 sunt
1139 1506 1352 1556 praeterea

63 1568 217 1625 multi,
245 1568 323 1630 qui
347 1567 539 1628 diripere
567 1566 809 1623 volebant,
830 1565 1012 1628 sagittis.
1041 1565 1160 1612 Editi
1191 1566 1352 1614 deinde

63 1653 244 1688 centum
283 1639 486 1701 leopardi
518 1638 718 1703 Libyci,
747 1652 926 1685 centum
956 1638 1116 1686 deinde
1144 1640 1353 1704 Syriaci,

64 1727 246 1762 centum
284 1713 472 1771 leaenae,
511 1713 562 1759 &
604 1711 689 1758 urfi
729 1711 857 1759 fimul
903 1712 1126 1760 trecenti:
1163 1729 1352 1775 quarum

65 1788 269 1835 omnium
298 1787 488 1833 ferarum
517 1803 725 1849 magnum
753 1787 889 1850 magis
920 1787 1095 1835 constat
1125 1787 1350 1850 spechen-

64 1859 157 1907 lum
185 1858 338 1914 fuiffe,
364 1875 493 1919 quam
526 1870 712 1920 gratum.
740 1858 871 1905 Edita
897 1859 1351 1921 praetereagladiato-

63 1949 166 1979 rum
205 1931 326 1994 paria
355 1943 584 1988 trecenta,
612 1930 813 1995 Blemyis
851 1932 1073 1995 plerisque
1105 1932 1349 1995 pugnanti-

66 2004 149 2052 bus
165 2040 178 2062 ,
199 2003 276 2068 qui
298 2021 377 2067 per
394 2003 670 2064 triumphum
691 2020 816 2052 erant
836 2005 952 2052 duffi
967 2041 981 2064 ‚
997 2005 1217 2068 plerisque
1237 2007 1351 2052 Ger-

67 2078 209 2126 manis
249 2082 298 2128 &
340 2079 548 2128 Sarmatis
571 2114 587 2140 ‚
630 2079 865 2127 nonnullis
915 2080 1050 2128 etiam
1098 2081 1351 2128 latronibus

69 2152 238 2202 IsauriS.

132 2227 240 2273 XX.
274 2225 454 2286 Quibus
481 2226 688 2289 pera&i5‚
707 2226 875 2273 bellum
902 2226 1125 2274 Persicum
1156 2243 1316 2291 parans
1334 2264 1350 2287 ,

69 2316 171 2348 cum
197 2316 274 2363 per
297 2300 527 2364 Illyricum
553 2301 636 2348 iter
658 2300 849 2359 faceret,
872 2317 895 2347 a
915 2301 1133 2348 miiitibus
1165 2301 1249 2348 suis
1272 2317 1353 2363 per

69 2372 245 2420 infidias
278 2373 539 2420 interemtus
571 2375 650 2422 est.
679 2374 832 2422 Causae
871 2375 1112 2423 occidendi
1149 2373 1244 2436 ejus
1282 2376 1351 2422 hae

71 2444 219 2495 fuere:
248 2445 440 2511 primum
461 2480 478 2503 ,
507 2447 632 2511 quod
668 2464 902 2513 nunquam
934 2448 1120 2513 militem
1152 2447 1352 2498 otiosum
