1714 2807
282 166 405 218 ‘218-
543 169 1292 218 JULIICAPITOLINI

281 292 358 338 ges
373 275 513 323 videri
528 276 801 334 Commodi,
816 278 863 324 &
883 277 1128 339 Caracalli,
1147 279 1195 325 δι
1220 277 1456 325 hominum
1474 278 1556 326 im-

281 351 529 411 peritorum
560 350 845 409 voluntates,
874 342 975 399 cum
998 351 1219 411 Traianus
1250 369 1476 414 nunquam
1505 353 1556 398 li·

281 423 407 470 bellis
435 423 740 485 responderit,
763 441 817 470 ne
841 426 894 471 ad
931 426 1036 472 alias
1068 426 1217 472 causas
1242 426 1349 471 facta
1373 425 1558 488 praefer-

279 507 459 553 rentur,
488 513 587 560 quae
621 498 676 543 ad
707 499 888 560 gratiam
919 498 1166 559 composita
1200 498 1470 545 viderentur.
1505 501 1555 545 ln

278 567 473 615 annonis
503 568 749 616 tribuendis
779 570 1040 632 largiffimus
1072 569 1189 616 fuit:
1227 570 1271 616 in
1303 586 1415 616 auro
1453 587 1554 631 par·-

280 639 486 687 ciffimus.
510 643 559 687 ln
582 643 832 690 vernaculis
859 644 932 688 vel
963 642 1116 689 aulicis
1139 654 1225 689 tam
1252 642 1411 702 impius
1430 679 1441 695 ‚
1463 657 1551 687 tim

279 713 509 773 pertinax,
533 729 620 761 tam
646 716 792 778 asper,
819 728 867 761 ut
892 716 1004 762 servi
1028 716 1151 762 illum
1180 714 1241 760 sui
1273 730 1364 760 non
1385 715 1552 761 Macri-

278 802 383 831 num
405 787 629 843 dicerent,
656 788 728 834 sed
747 792 1010 834 mace-[linum
1030 823 1042 844 ‚
1071 787 1195 848 quod
1217 787 1386 833 macelli
1409 786 1552 847 specie

276 858 435 904 domus
456 858 547 919 ejus
564 872 870 907 cruentaretur
893 861 1103 924 sanguine
1127 861 1424 907 vernularum.
1445 861 1551 907 Vini

277 929 453 992 cibique
478 932 751 979 avidissimus
768 968 781 991 ,
814 950 1140 996 nonnunquam
1171 934 1310 996 usque
1332 935 1384 979 ad
1403 934 1550 980 ebrie-

275 1015 404 1047 tatem
429 1020 440 1047 :
471 1002 542 1048 sed
575 1004 837 1065 vespertinis
863 1004 1000 1051 boris.
1033 1021 1129 1051 nam
1161 1004 1189 1050 fi
1215 1005 1449 1067 prandisset
1477 1005 1550 1051 vel

274 1073 484 1133 privatim
513 1076 811 1137 parcissimus,
837 1077 882 1122 in
919 1094 1049 1124 coena
1088 1076 1373 1124 effufiffimus.
1407 1078 1550 1124 Adhi-

273 1146 368 1192 buit
395 1148 619 1196 convivio
644 1149 844 1197 literatos
861 1186 874 1208 ,
902 1164 949 1196 ut
969 1151 1158 1213 loquens
1177 1151 1230 1198 de
1263 1151 1412 1198 studiis
1439 1152 1549 1198 libe—

272 1218 435 1265 ralibus
463 1221 703 1267 necessario
733 1222 983 1270 abstineret.

335 1293 455 1337 XIV.
482 1294 564 1339 Sed
589 1311 687 1340 cum
716 1294 807 1354 ejus
837 1295 1051 1342 vilitatem
1081 1295 1286 1344 homines
1317 1297 1545 1359 antiquam

270 1366 549 1427 cogitarent,
581 1368 885 1415 crudelitatem
920 1369 1101 1415 nimiam
1131 1370 1366 1425 viderent,
1395 1372 1546 1418 homi·

271 1454 370 1483 nem
400 1440 650 1499 putidulum
687 1441 733 1488 in
766 1443 957 1504 imperio
993 1443 1106 1490 ferre
1135 1460 1228 1489 non
1261 1444 1459 1504 poffent,
1496 1448 1547 1493 &

269 1510 461 1557 maxime
488 1512 680 1572 milites,
699 1514 775 1577 qui
803 1515 941 1560 multa
969 1514 1061 1575 ejus
1095 1515 1388 1562 meminerant
1415 1516 1546 1563 fune-

268 1584 442 1631 stiss'ima
460 1621 472 1642 ,
497 1587 548 1634 &
571 1588 816 1651 aliquando
841 1589 1108 1650 turpissima,
1134 1588 1243 1635 inita
1268 1588 1461 1637 factione
1488 1592 1544 1636 il-

268 1658 358 1703 lum
389 1658 654 1706 occiderunt
679 1677 778 1707 cum
812 1678 953 1723 puero
985 1661 1063 1708 suo
1094 1661 1405 1717 Diadumeno,
1429 1663 1546 1709 scili-

269 1743 338 1776 cet
367 1732 604 1778 Antonino
631 1733 927 1796 cognomine,
946 1734 998 1780 de
1017 1749 1111 1797 quo
1128 1734 1291 1780 duflum
1313 1735 1398 1792 est,
1419 1736 1544 1798 quod

266 1802 311 1848 in
345 1802 507 1850 somnis
543 1807 805 1854 Antoninus
851 1807 1010 1856 fuisset.
1050 1808 1182 1855 Unde
1217 1808 1349 1855 etiam
1390 1810 1542 1859 versus

265 1874 434 1921 exstant
467 1877 718 1936 hujusmodi
745 1896 757 1926 z

333 1949 528 1994 Vidimus
557 1951 604 1996 in
619 1952 787 2011 sbmm‘s
807 1953 912 1998 cives
933 1951 1053 2016 (nisi
1064 1950 1239 2015 fallor)
1270 1951 1312 1999 δ’
1338 1955 1447 2019 'stud
1460 1971 1477 2000 :

324 2022 642 2067 Antoninorum
672 2043 820 2069 nomen
840 2043 943 2084 puer
965 2028 1032 2070 ille
1062 2028 1254 2086 gerebat,

329 2094 421 2154 Qui
443 2112 563 2154 patre
595 2101 732 2142 venali
751 2099 936 2158 genitus,
958 2099 1042 2159 sed
1069 2116 1195 2145 matre
1217 2102 1372 2160 pudica
1393 2119 1410 2147 .-

329 2169 499 2214 Centum
525 2188 624 2215 nam
654 2175 829 2217 moeclzos
853 2170 973 2235 paſjc'z
998 2174 1050 2238 <st
1067 2189 1300 2234 centumque
1316 2176 1490 2236 rogavit.

326 2241 419 2300 Jpfi
448 2245 571 2289 etiam
603 2250 745 2290 calvus
772 2249 949 2291 moeclzus
965 2246 1084 2304 filit,
1105 2249 1198 2292 inde
1233 2250 1408 2293 maritus
1432 2265 1463 2294 :⁷

327 2315 400 2356 En
431 2314 539 2360 Pius
556 2350 568 2371 ,
587 2334 635 2361 en
661 2320 858 2363 Marcus:
891 2322 1019 2363 Verus
1046 2337 1145 2363 nam
1171 2337 1255 2364 non
1275 2319 1369 2377 fuit
1391 2322 1472 2365 ille.

261 2384 316 2428 Et
335 2383 400 2429 isti
431 2386 585 2434 versus
615 2405 668 2434 ex
689 2391 855 2436 Graeco
881 2390 1076 2437 translati
1104 2390 1203 2437 sunt
1229 2392 1272 2436 in
1304 2392 1536 2438 Latinum:

262 2470 363 2503 nam
396 2457 554 2506 Graece
582 2459 680 2509 sunt
707 2460 979 2510 disertiffimi.
1009 2462 1219 2510 videntur
1240 2476 1395 2539 'autem
1427 2462 1539 2510 mihi
