1637 2785
309 156 532 201 VITAE
585 155 689 198 ET
734 155 1115 200 SCRIPTA.
1288 166 1363 198 vu

90 262 391 324 Spanianum,
421 277 542 321 atque
578 263 745 307 AElium
772 263 1058 321 Lampridium
1091 262 1232 308 videri.
1268 263 1363 307 Au·

82 336 200 395 jonii
223 335 342 399 isthoc
367 349 540 379 notum:

393 470 502 518 Tria
540 468 724 517 nomina
758 468 1057 520 nobiliorum.

166 598 325 652 Porro,
351 611 495 656 praeter
528 611 606 640 tres
638 610 858 654 quatuorve
891 595 1013 660 istas,
1049 593 1225 638 aliorum
1262 598 1362 652 quoi

87 686 159 729 que
196 670 307 713 vitas
338 670 549 728 reliquerat
586 670 867 727 Spartianus:
908 667 1044 727 easque
1085 668 1190 711 inter
1223 664 1363 709 Marci

87 742 332 797 Antonini,
366 739 483 795 cujus
510 740 592 800 ipse
625 743 811 785 meminit
841 741 965 785 initio
1005 740 1098 783 vitaz
1129 737 1360 783 Commodi.

86 812 189 855 Non
218 827 355 856 tamen
381 809 621 873 pertexuiffe
654 813 838 856 omniurn
869 814 980 856 vitas
1010 812 1130 870 ufilue
1162 812 1219 855 ad
1250 810 1361 854 Con-

71 881 334 945 stantinum,
358 887 424 930 vel
450 887 572 928 etiam
605 885 923 928 Diocletianum
941 918 954 937 ,
989 885 1115 927 immo
1143 899 1192 926 ne
1218 882 1360 930 Aure-

85 957 195 1000 liani
225 959 385 1016 quidem
417 959 545 1002 vitam
582 954 771 1019 edidzffi‚
800 961 904 1002 clare
938 958 1146 1018 colligitur
1174 973 1227 1000 ex
1258 957 1360 998 Au-

81 1029 188 1092 gusti
211 1027 302 1085 ejus
320 1030 417 1075 'vita
444 1048 474 1074 a
510 1032 555 1073 V
552 1030 688 1090 opisco
703 1030 880 1090 scripta.

242 1163 671 1210 VULCATIUS
717 1161 1199 1208 GALLICANUS·

153 1292 198 1334 V
195 1301 327 1336 ULCA
336 1301 395 1336 TI
401 1303 469 1335 US
491 1291 742 1343 Gallicanus
762 1294 812 1337 V.
835 1293 902 1336 CI.
927 1287 1018 1353 (eos
1035 1305 1166 1335 autem
1187 1287 1360 1350 clariffi'-

83 1379 173 1407 mos
191 1365 355 1419 dixere,
378 1367 450 1423 qui
476 1366 696 1425 dignitatis
719 1361 840 1425 effint
853 1359 1094 1424 senatoriae)
1120 1364 1221 1421 quid
1247 1363 1360 1420 scri·

82 1438 164 1480 berc
191 1437 446 1502 propositum
479 1441 692 1493 habuerit,
729 1431 771 1482 δ’
813 1455 892 1497 qua
925 1452 1038 1481 aetate
1068 1437 1251 1490 vixerit,
1279 1437 1359 1479 lzaec

81 1506 172 1563 ejus
194 1511 314 1554 verba
346 1510 582 1574 ostendunt:
610 1508 858 1571 proposui,
890 1507 1179 1554 Diocletiane
1206 1507 1359 1568 Augu-

81 1580 175 1638 ste,
202 1598 387 1641 omnes,
421 1582 498 1646 qui
527 1586 853 1645 imperatorum
886 1597 1078 1636 nomen,
1101 1579 1193 1625 five
1221 1577 1358 1638 juste,

83 1654 172 1700 sure
189 1652 371 1714 injuste,
393 1654 641 1702 habuerunt
657 1692 670 1710 ‚
689 1656 734 1700 in
751 1655 899 1700 literas
918 1653 1111 1710 mittere,
1132 1666 1182 1699 ut
1201 1668 1360 1699 omnes

82 1738 351 1788 purpuratos
394 1727 616 1788 Augustos
649 1726 952 1789 cognosceres.
986 1728 1069 1771 Sed
1093 1727 1212 1770 hodie
1248 1726 1362 1770 nilzil

81 1800 169 1854 ejus
189 1801 380 1844 habemus
397 1834 409 1855 ,
432 1815 577 1860 praeter
601 1803 726 1845 vitam
749 1796 911 1845 Avidii
932 1800 1056 1862 Caffii
1072 1834 1085 1855 ,
1105 1801 1210 1845 unde
1236 1802 1357 1845 verba

82 1872 156 1936 isla
182 1871 393 1936 depromsi.
411 1874 545 1917 Immo
566 1890 636 1917 nec
655 1876 839 1917 omnium
867 1869 1074 1935 tradidiſje
1106 1873 1241 1927 vitas,
1274 1891 1359 1918 cer-

78 1959 166 1988 tum
199 1944 274 2003 est:
303 1947 634 2004 quandoquidem
672 1962 765 1991 ante
803 1947 1029 2006 Vopiscum
1057 1947 1188 1990 vitam
1221 1949 1356 1991 Aure-

78 2018 186 2061 liani
209 2019 394 2076 prodidit
422 2036 564 2072 nemo,
594 2035 640 2063 ut
669 2021 793 2064 initio
823 2021 938 2064 illius
975 2018 1157 2082 Augusti
1183 2022 1358 2077 locuples

79 2088 162 2147 iPfi
196 2088 299 2152 testis
327 2088 390 2153 ss.
431 2089 651 2149 Vopiscum
682 2107 814 2135 autem
835 2094 968 2151 paulo
996 2090 1087 2154 pcss
1119 2092 1358 2135 Vulcatium

69 2159 301 2223 scripfiffe‚
333 2179 385 2206 ex
414 2179 458 2206 eo
487 2165 663 2224 colligo,
690 2166 800 2224 quod
832 2165 1020 2209 Trebellii
1044 2164 1252 2208 Pollionis
1275 2181 1360 2208 me·-

45 2267 49 2269 μ
80 2234 246 2278 minerit
282 2236 405 2279 initio
431 2239 659 2281 Aureliani
669 2255 688 2291 ;
720 2238 823 2284 Julii
856 2251 989 2281 autem
1029 2237 1283 2294 Capitolini,
1315 2233 1359 2281 ὅ·

78 2306 192 2353 AElii
217 2308 479 2367 Lampridii,
512 2311 635 2355 initio
667 2311 808 2356 Probi.
844 2310 976 2370 Atqui
1011 2308 1076 2372 ist'i
1104 2323 1217 2352 atate
1251 2311 1358 2352 Vul-

80 2380 179 2424 catii
210 2382 359 2425 vixere.
401 2383 490 2426 Sed
517 2399 587 2426 nec
624 2383 734 2426 illud
771 2397 995 2427 memoratu
1032 2382 1278 2442 indignum,
1312 2382 1359 2424 in

81 2454 250 2514 optimis
283 2451 324 2500 ἃ
353 2455 637 2519 ani-‘qugffimis
668 2458 890 2518 Spartiani
917 2457 1140 2515 excerptis,
1162 2472 1246 2516 quae
1262 2453 1361 2512 fue·¹

983 2544 1008 2574 ὃ
1044 2543 1071 2584 4
