1714 2807
334 150 420 212 156
554 147 1408 196 FLAVIIVOPISCI

328 270 483 309 mum,
520 254 646 315 pueri
676 253 771 314 ejus
808 253 985 316 pelvem
1010 290 1024 310 ,
1061 254 1304 316 serpentem
1344 255 1608 317 plerumque

328 326 511 373 cinxiffe
530 361 544 383 ,
566 342 712 389 neque
734 343 930 389 unquam
956 326 1104 373 occidi
1137 325 1356 387 potuisse:
1380 326 1609 388 postremo

327 397 463 460 ipsam
495 412 820 462 matrem,quae
857 399 946 445 hoc
972 399 1178 455 viderat,
1211 399 1456 460 serpentem
1484 397 1607 461 quasi

328 472 589 519 familiarem
622 472 828 521 occidere
857 473 1061 519 noluisse.
1087 473 1154 518 his
1186 473 1356 519 accedit
1373 509 1386 529 ,
1405 473 1529 533 quod
1553 488 1610 517 ex

327 534 517 605 palliolo
535 560 762 606 purpureo
775 579 788 600 ,
805 545 929 606 quod
942 544 1036 589 Soli
1052 543 1111 589 sui
1128 544 1342 605 temporis
1361 546 1608 606 Imperator

327 617 587 673 obtulerat,
626 617 827 664 sacerdos
868 617 1026 662 mulier
1060 617 1301 678 crepundia
1337 615 1431 661 filio
1466 614 1611 661 seciffe

327 689 598 750 perhibetur.
636 691 771 736 Addit
805 689 937 735 etiarn
977 689 1116 746 illud,
1155 691 1278 752 quod
1316 689 1514 735 vinElum
1548 688 1612 734 fa-

329 761 465 809 sciola
491 764 777 808 Aurelianum
807 762 954 824 aquila
984 762 1171 808 innoxie
1204 763 1256 807 de
1281 762 1409 808 cunis
1430 763 1613 807 levave-

329 835 386 881 rit
405 871 419 894 ‚
448 838 496 883 &
524 837 568 882 in
592 853 708 882 aram
740 835 966 897 posuerit,
988 851 1086 895 quae
1109 834 1231 895 juxta
1262 835 1464 881 sacellum
1497 834 1614 880 forte

329 906 417 953 sine
444 907 622 970 ignibus
653 916 762 953 erat.
798 908 916 953 Idem
948 908 1103 953 auctor
1141 906 1230 964 est,
1264 907 1455 953 vitulum
1485 905 1615 951 matri

329 976 421 1036 ejus
443 990 591 1025 natum
614 980 737 1025 mirae
759 979 1076 1042 magnitudinis
1095 1014 1107 1035 ‚
1128 979 1367 1025 candidum
1385 1014 1398 1035 ‚
1420 978 1490 1024 sed
1512 994 1615 1040 pur-

329 1050 592 1111 purantibus
627 1052 841 1109 maculis,
878 1052 938 1100 ita
974 1065 1022 1100 ut
1051 1052 1229 1100 haberet
1264 1052 1311 1099 in
1343 1052 1478 1099 latere
1520 1066 1615 1098 uno

328 1140 486 1183 avem,
510 1125 556 1172 in
581 1125 672 1172 alio
705 1143 940 1174 coronam.

396 1199 452 1243 V.
491 1199 634 1246 Multa
676 1199 897 1262 superflua
934 1201 980 1246 in
1016 1201 1175 1247 eodem
1219 1199 1366 1263 legisse
1396 1197 1614 1245 memini:

330 1269 498 1332 quippe
526 1272 601 1334 qui
631 1272 844 1319 asseverat
868 1272 1028 1330 etiam,
1063 1273 1182 1319 rosas
1211 1272 1255 1318 in
1286 1272 1475 1332 ejusdem
1515 1288 1616 1317 mu-

332 1341 449 1388 lieris
489 1344 673 1400 chorte,
703 1357 810 1390 nato
849 1345 1119 1403 Aureliano,
1157 1345 1290 1392 exisse
1334 1359 1614 1407 purpureas,

331 1414 484 1461 odoris
516 1416 656 1473 rosei,
675 1415 800 1463 flor1s
828 1416 961 1462 aurei.
991 1419 1188 1464 Fuerunt
1218 1419 1266 1463 δε
1302 1416 1452 1478 postea
1476 1415 1615 1462 multa

331 1487 484 1532 omina
523 1486 611 1548 jam
640 1487 879 1543 militanti,
913 1487 1083 1546 futuri,
1117 1501 1166 1534 ut
1206 1505 1273 1534 res
1310 1486 1574 1535 monstravit
1601 1521 1616 1540 ‚

331 1557 522 1621 imperii.
554 1577 655 1606 narn
688 1560 963 1623 ingrediente
1001 1577 1056 1607 eo
1091 1561 1377 1608 Antiochiam
1412 1561 1459 1606 in
1489 1559 1616 1606 vehi-

333 1632 475 1690 culo,
517 1633 641 1695 quod
674 1649 764 1694 prae
803 1633 992 1680 vulnere
1030 1646 1138 1680 tunc
1181 1649 1303 1697 equo
1340 1632 1487 1679 sedere
1521 1647 1615 1677 non

332 1704 503 1767 posset,
534 1705 595 1752 ita
627 1705 807 1766 pallium
837 1722 1135 1767 purpureum,
1160 1707 1283 1768 quod
1311 1705 1355 1751 in
1389 1706 1615 1750 honorem

331 1778 425 1840 ejus
456 1780 700 1841 expansum
722 1778 866 1827 fuerat
884 1815 897 1836 ‚
927 1781 1118 1838 decidit,
1138 1794 1185 1827 ut
1205 1782 1414 1826 humeros
1434 1777 1526 1840 ejus
1548 1791 1617 1824 te-

334 1865 469 1915 geret.
495 1854 548 1898 Et
579 1869 680 1898 cum
710 1853 756 1897 in
784 1867 948 1916 equum
980 1852 1162 1898 transire
1187 1852 1349 1907 vellet,
1372 1850 1508 1914 (quia
1550 1849 1617 1895 in-

335 1926 560 1972 vidiosum
594 1938 700 1973 tunc
729 1938 821 1973 erat
842 1926 1063 1975 vehiculis
1091 1927 1135 1972 in
1157 1925 1338 1973 civitate
1359 1922 1456 1987 uti)
1475 1939 1617 1986 equus

334 1998 395 2045 est
425 1996 464 2044 ei
486 2000 769 2061 Imperatoris
795 1999 1032 2062 applicitus
1048 2036 1063 2057 ‚
1084 1999 1156 2049 cui
1188 2015 1266 2062 per
1286 1997 1616 2044 festinationem

335 2070 509 2118 insedit.
541 2072 611 2119 sed
635 2072 712 2119 ubi
741 2073 987 2134 comperit,
1020 2073 1152 2120 semet
1183 2074 1236 2119 ad
1273 2072 1398 2118 suum
1426 2070 1617 2118 transtu-

336 2143 404 2191 lit.
437 2144 557 2191 Data
596 2144 658 2191 est
692 2145 733 2192 ei
767 2157 977 2206 praeterea
998 2181 1013 2203 ‚
1047 2162 1147 2192 cum
1176 2146 1341 2208 legatus
1379 2143 1434 2190 ad
1470 2142 1618 2189 Persas

339 2216 462 2272 iss‘et,
492 2229 670 2278 patera,
691 2217 829 2279 qualis
858 2217 967 2263 solet
992 2218 1334 2280 Imperatoribus
1363 2215 1454 2262 dari
1472 2232 1493 2260 a
1517 2230 1617 2277 rege

337 2285 588 2338 Persarum,
616 2285 661 2332 in
693 2303 777 2350 qua
806 2285 1048 2348 insculptus
1072 2301 1165 2334 erat
1191 2287 1294 2345 Sol,
1339 2303 1396 2332 eo
1429 2287 1580 2331 habitu
1602 2319 1618 2341 ‚

339 2373 433 2419 quo
463 2359 695 2406 colebatur
732 2360 778 2406 in
808 2375 864 2406 eo
894 2359 1063 2421 templo
1090 2393 1102 2416 ‚
1137 2359 1183 2407 in
1219 2376 1312 2422 quo
1352 2373 1491 2405 mater
1520 2357 1617 2417 ejus

337 2428 480 2478 fuerat
516 2431 732 2481 sacerdos.
772 2432 984 2480 Donatus
1013 2431 1157 2480 eidem
1185 2432 1319 2480 etiam
1357 2430 1617 2493 elephantus
