1714 2807
325 137 388 180 40
579 120 788 168 JULll
835 119 1339 168 CAPITOLlNI

327 242 460 290 atque
489 226 666 274 idcirco
694 227 748 273 ab
779 226 1010 274 Hadriano
1040 226 1199 274 dicitur
1229 228 1480 296 adoptatus.
1506 245 1603 294 quae

328 299 453 346 causa
479 298 569 346 sola
597 300 681 347 ess'e
707 300 966 363 adoptionis
989 316 1071 347 nec
1100 301 1250 363 potuit
1277 301 1471 349 omnino
1488 338 1502 360 ,
1521 319 1604 349 nec

327 371 507 419 debuit:
531 371 724 419 maxime
740 409 755 430 ,
785 388 885 419 cum
906 373 954 421 δι
979 371 1145 434 semper
1178 373 1496 435 rempublicam
1529 373 1604 419 be·

328 464 384 494 ne
403 447 553 511 egiffet
573 447 828 495 Antoninus
847 483 858 503 ‚
874 445 983 495 &in
1005 447 1323 510 proconsulatu
1346 447 1387 494 se
1407 447 1604 495 sanssum

320 538 603 585 gravemque
635 521 898 583 praebuiffet.
931 523 1049 584 Ergo
1082 538 1183 568 eum
1220 539 1319 568 cum
1356 523 1605 568 Hadrianus

327 595 543 655 adoptare
570 595 609 640 se
635 594 749 641 velle
773 593 1058 656 publicasset,
1077 607 1304 656 acceptum
1335 594 1395 640 est
1421 594 1603 657 spatium

327 667 627 723 deliberandi,
644 681 791 715 utrum
811 667 1009 730 arrogari
1028 667 1082 713 ab
1103 668 1329 714 Hadriano
1349 668 1497 714 vellet.
1517 668 1606 713 Ad-

327 741 533 804 optionis
563 741 634 788 lex
668 740 924 800 hujusmodi
955 742 1052 786 data
1087 741 1173 797 est,
1201 754 1276 797 ut,
1311 741 1607 804 quemadmo-

327 814 432 860 ‹lum
465 814 724 860 Antoninus
749 814 804 859 ab
838 813 1068 860 Hadriano
1095 814 1418 875 adoptabatur,
1437 814 1495 862 ita
1525 815 1606 861 fibi

325 885 405 932 ille
434 887 670 947 adoptaret
704 889 906 933 Marcum
938 885 1220 932 Antoninum
1240 922 1253 943 ‚
1273 886 1420 935 fratris
1452 887 1609 934 uxoris

326 959 417 1005 :suae
442 957 583 1004 filium
600 994 613 1016 ‚
635 959 685 1005 &
712 958 902 1005 Lucium
924 957 1090 1004 Verum
1108 992 1121 1015 ‚
1139 958 1242 1006 AElii
1272 959 1412 1019 Veri,
1444 959 1522 1022 qui
1551 961 1608 1006 ab

325 1030 561 1078 Hadriano
582 1032 822 1092 adoptatus
851 1030 1023 1087 fuerat,
1044 1029 1181 1078 filium
1198 1065 1212 1088 ,
1237 1030 1315 1094 qui
1344 1031 1494 1094 postea
1517 1034 1610 1078 Ve-

328 1120 405 1150 rus
424 1103 685 1150 Antoninus
715 1102 775 1150 est
795 1104 947 1150 dietus.
976 1103 1231 1165 Adoptatus
1256 1103 1315 1150 est
1333 1103 1494 1166 quinto
1512 1105 1609 1152 Ka-

325 1176 478 1222 lendas
509 1176 690 1221 Martias
717 1176 814 1231 die,
848 1175 892 1221 in
925 1177 1085 1222 Senatu
1112 1177 1267 1239 gratias
1291 1193 1451 1239 agens,
1484 1178 1610 1239 quod

327 1249 384 1296 de
406 1250 448 1295 se
480 1249 541 1295 ita
565 1249 752 1295 sensisset
773 1250 1052 1296 Hadrianus:
1075 1248 1298 1311 faffitusque
1329 1249 1388 1296 est
1415 1250 1529 1312 patri
1558 1252 1609 1298 &

328 1319 378 1367 in
407 1321 599 1383 imperio
626 1323 963 1384 proconsulari,
984 1326 1033 1370 ὅ(
1056 1324 1101 1369 in
1130 1322 1366 1369 tribunicia
1392 1323 1609 1386 potestate

330 1395 518 1458 collega.
548 1394 692 1455 Hujus
719 1396 908 1458 primum
931 1397 1021 1442 hoc
1058 1395 1392 1458 fertur.,quod‚
1423 1413 1523 1443 cum
1555 1396 1610 1443 ab

330 1483 473 1514 uxore
502 1481 784 1531 argueretur,
800 1469 919 1531 quasi
944 1486 1099 1531 parum
1123 1468 1272 1514 nescio
1291 1469 1399 1531 quid
1417 1468 1501 1515 suis
1520 1469 1609 1517 lar-

326 1541 472 1604 giens,
493 1542 655 1588 dixerit
672 1561 681 1589 :
704 1548 845 1588 Stulta
863 1579 875 1600 ‚
887 1545 1148 1609 posteaquam
1169 1546 1228 1588 ad
1242 1545 1456 1603 imperium
1475 1546 1611 1603 transt

328 1616 512 1671 ivimus,
548 1613 591 1661 fr
635 1618 767 1672 illud,
801 1618 913 1676 quod
940 1618 1158 1661 habuimus
1189 1630 1312 1670 ame,
1335 1615 1608 1675 perdidimus.

326 1686 621 1750 CongiarIum
646 1687 861 1734 militibus
885 1704 934 1735 ac
969 1688 1142 1750 populo
1174 1687 1226 1733 de
1254 1689 1441 1749 proprio
1463 1687 1609 1747 dedit,

327 1763 379 1808 δι
407 1777 456 1807 ea
475 1795 488 1817 ‚
519 1777 621 1823 quae
654 1773 776 1823 pater
804 1761 1080 1823 promiserat.
1111 1763 1164 1807 Et
1191 1761 1245 1806 ad
1263 1776 1402 1823 opera
1421 1760 1613 1808 Hadria-

329 1833 376 1879 ni
399 1833 638 1895 plurimum
661 1835 853 1881 contulit
872 1853 882 1882 :
899 1838 947 1882 ὅ(
967 1853 1123 1882 aurum
1149 1834 1436 1881 coronarium
1454 1870 1468 1893 ,
1486 1835 1611 1898 quod

326 1904 587 1967 adoptionis
623 1905 710 1951 suae
747 1906 874 1952 causa
901 1906 1100 1953 oblatum
1135 1906 1310 1964 fuerat,
1346 1906 1506 1954 Italicis
1534 1920 1611 1954 10-

325 1989 422 2024 tum
440 2012 452 2034 ‚
475 1977 670 2024 medium
694 1979 1050 2040 provincialibus
1068 1979 1272 2026 reddidit.

393 2053 449 2098 V.
466 2054 518 2098 Et
533 2052 663 2114 patri,
687 2054 836 2115 quoad
858 2053 969 2099 vixit
984 2089 996 2109 ,
1017 2053 1331 2116 religiofiffime
1346 2053 1505 2116 paruit.
1527 2055 1611 2101 Sed

326 2126 557 2173 Hadriano
586 2128 703 2189 apud
741 2126 866 2187 Bajas
898 2141 1112 2184 mortuo,
1146 2128 1356 2191 reliquias
1389 2128 1482 2190 ejus
1514 2130 1611 2175 Ro·

325 2215 442 2245 marn
468 2200 673 2262 pezvexit
703 2200 844 2248 sat-fle
879 2217 930 2247 ac
961 2214 1241 2258 reverenter,
1260 2213 1391 2265 atque
1424 2202 1470 2249 in
1500 2201 1610 2248 hor-

326 2272 382 2319 tis
405 2274 625 2321 Domitiae
664 2274 941 2322 collocavit:
962 2274 1094 2322 etiam
1125 2275 1470 2339 repugnantibus
1495 2293 1610 2322 cun-

329 2346 433 2402 ἑὶίε,
464 2346 579 2392 inter
610 2346 761 2394 Divos
789 2363 887 2391 eum
916 2347 1076 2394 retulit.
1102 2349 1303 2394 Uxorem
1329 2348 1576 2394 Faustinam
1595 2382 1610 2405 ,

324 2422 555 2484 A.·.'5‘.‘s‘;'.‘.2.r1'1
581 2418 796 2482 appellari
827 2435 851 2464 a
881 2419 1044 2466 Senatu
1066 2419 1287 2482 permisit:
1312 2421 1386 2469 Pii
1408 2419 1604 2482 appella-
