1637 2785
246 140 307 184 M.
361 136 530 182 ANT.
586 134 1163 181 PHILOSOPHUS.
1281 134 1339 182 61

66 254 140 299 ut,
166 259 264 289 cum
295 239 420 286 fimul
455 237 790 299 triumphasset,
825 250 973 283 tamen
1011 238 1111 300 post
1151 249 1344 285 mortem

69 313 192 360 Lucii
211 325 381 358 tantum
405 311 696 356 Germanicum
715 308 755 354 se
776 322 958 354 vocaret
974 326 988 364 3
1005 311 1128 371 quod
1150 310 1227 356 fibi
1252 310 1348 356 bel-

67 388 115 433 lo
150 384 338 448 proprio
370 396 611 445 pepererat.
645 384 695 428 In
732 381 965 443 triumpho
1002 396 1150 429 autem
1183 384 1350 430 liberos

67 458 211 505 Marci
236 456 463 519 utriusque
486 455 613 502 sexus
639 453 783 500 secum
812 469 1060 509 vexerunt;
1088 454 1145 499 ita
1176 467 1350 513 tamen,

66 544 116 578 ut
143 533 191 578 &
225 529 392 591 puellas
418 528 616 591 virgines
651 527 886 574 veherent.
917 526 1070 572 Ludos
1091 526 1221 572 etiam
1243 562 1257 583 ,
1288 528 1351 573 ob

67 604 341 666 triumphurn
359 603 582 661 decretos,
599 600 908 663 speciaverunt
930 600 1079 646 habitu
1099 601 1352 663 triumpha-

67 677 114 726 li.
135 680 253 724 Inter
278 690 420 724 cetera
445 675 620 739 pietatis
655 673 748 734 ejus
770 674 863 721 haec
887 690 1070 736 quoque
1097 675 1352 722 moderatio

69 745 352 816 praedicanda
391 752 474 798 est:
508 750 793 797 Funambulis
830 748 930 810 post
963 766 1148 811 puerum
1181 749 1352 812 lapsum

69 825 278 872 culcitras
304 824 457 884 subjici
489 822 631 882 juffit:
659 822 780 869 unde
800 821 1030 885 hodieque
1048 835 1140 867 rete
1162 836 1354 883 praeten-

69 897 204 944 ditur.
229 898 352 945 Dum
388 896 645 943 Parthicum
676 894 840 940 bellum
873 895 1067 957 geritur,
1105 907 1257 941 natum
1293 895 1354 941 est

72 970 522 1025 Marcomannicum,
551 967 678 1030 quod
706 966 782 1013 diu
808 982 994 1021 eorum,
1031 966 1108 1028 qui
1140 967 1355 1024 aderant,

71 1056 164 1090 arte
190 1041 441 1105 suspensum
467 1041 552 1098 est,
580 1053 628 1087 ut
645 1075 659 1097 ,
694 1038 826 1085 finito
855 1038 941 1099 jam
961 1038 1184 1085 Orientali
1200 1039 1353 1098 bello,

71 1116 486 1163 Marcomannicum
512 1115 583 1179 agi
610 1114 767 1177 poffet.
797 1116 854 1160 Et
878 1130 981 1159 cum
1000 1111 1129 1160 famis
1149 1126 1354 1176 tempore

71 1188 247 1252 populo
275 1187 528 1234 infinuaffet
555 1187 608 1233 de
644 1187 792 1241 bello;
816 1185 950 1232 fratre
976 1186 1076 1248 post
1096 1187 1354 1249 quinquen-

70 1261 196 1308 nium
230 1260 441 1318 reverso,
475 1259 522 1306 in
558 1261 721 1306 Senatu
748 1258 867 1323 egit,
900 1259 1058 1306 ambos
1089 1259 1356 1307 necessarios

69 1335 222 1383 dicens
248 1334 369 1382 bello
393 1335 669 1382 Germanico
702 1335 1011 1396 Imperatores.

153 1409 271 1456 X111.
302 1409 474 1456 Tantus
500 1421 646 1456 autem
683 1420 831 1455 terror
859 1407 966 1454 belli
997 1407 1356 1456 Marcomannici

72 1481 186 1540 fuit,
217 1495 265 1530 ut
295 1483 494 1546 undique
524 1483 773 1530 sacerdotes
810 1481 1075 1529 Antoninus
1111 1481 1356 1540 acciverit,

73 1556 335 1621 peregrinos
364 1557 474 1603 ritus
504 1555 785 1619 impleverit,
814 1557 1008 1603 Romam
1038 1554 1166 1602 omni
1194 1572 1357 1619 genere

73 1630 349 1686 lustraverit,
376 1630 705 1694 retardatusque
729 1647 752 1677 a
783 1630 942 1677 bellica
973 1628 1255 1691 profeciione
1286 1629 1353 1676 fit.

73 1704 321 1750 celebravit
344 1705 393 1752 &
416 1706 629 1750 Romano
663 1703 749 1750 ritu
786 1702 1047 1749 leffisternia
1081 1718 1160 1764 per
1191 1701 1355 1763 septem

73 1776 181 1823 dies.
208 1778 352 1824 Tanta
379 1790 528 1824 autem
556 1776 803 1838 pestilentia
829 1775 941 1833 suit,
969 1786 1018 1821 ut
1043 1773 1262 1821 vehiculis
1283 1790 1358 1821 ca-

74 1849 236 1897 davera
267 1850 350 1897 fint
375 1862 607 1912 exportata
633 1848 914 1912 sarracisque.
937 1848 1071 1895 Tunc
1096 1859 1242 1893 autem
1265 1847 1357 1892 An-

73 1920 221 1968 tonini
251 1921 368 1984 leges
398 1920 639 1984 sepeliendi
669 1919 1065 1981 sepulcrorumque
1097 1916 1356 1979 asperrimas

74 1994 351 2042 sanxerunt·
380 1994 747 2058 quandoquidem
777 2005 1026 2048 caverunt,
1053 2008 1133 2048 ne,
1158 1989 1222 2037 uti
1256 1989 1358 2053 quis

74 2069 241 2122 vellet,
271 2067 505 2114 fabricaret
539 2066 813 2129 sepulcrum:
850 2065 974 2129 quod
1006 2053 1233 2125 hodieque
1266 2061 1358 2107 ser-

77 2153 227 2188 vatur.
256 2144 312 2187 Et
339 2141 477 2187 multa
502 2140 680 2203 quidem
706 2139 844 2185 millia
875 2137 1121 2201 pestilentia
1149 2133 1358 2181 consum-

78 2212 158 2271 fit,
178 2213 436 2278 multosque
463 2221 519 2260 ex
551 2213 844 2276 proceribus:
873 2228 1066 2273 quorum
1086 2205 1360 2270 ampiiffimis

80 2287 342 2334 Antoninus
367 2287 526 2335 statuas
561 2288 825 2336 collocavit.
855 2285 1089 2345 Tantaque
1123 2278 1360 2329 clementia

79 2359 190 2418 fuit,
223 2372 271 2406 ut
302 2360 353 2408 δε
383 2359 526 2406 sumtu
559 2359 746 2422 publico
775 2357 976 2420 vulgaria
1008 2355 1163 2402 funera
1187 2352 1361 2415 juberet

80 2432 250 2496 efferri,
278 2434 327 2483 &
357 2449 480 2483 vano
509 2434 714 2495 cuidam,
734 2431 813 2498 qui
843 2429 1102 2496 diripiendae
1121 2427 1255 2477 Urbis
1275 2442 1360 2478 oc.-
