1637 2785
310 127 1119 176 MAX1M1N1DUO.
1289 143 1339 174 ιι

74 231 315 294 placuerat,
329 245 378 278 ut
400 231 616 280 contrarii
636 249 735 278 cum
752 247 807 278 eo
831 232 1081 291 transirent,
1100 247 1216 295 pons
1230 231 1347 295 post·

73 321 125 351 ea
157 305 430 363 solveretur,
456 305 530 352 ille
553 306 599 351 in
625 305 854 350 barbarico
883 305 980 351 solo
1010 306 1352 351 circumventus

75 377 366 434 occideretur,
379 376 612 438 imperium
627 377 814 439 Magnus
827 376 1049 437 arriperet.
1062 377 1176 423 Nam
1196 376 1352 423 omnia

74 451 190 498 bella
215 461 411 513 coeperat
439 467 599 514 agere,
628 452 677 499 &
706 450 886 513 quidem
919 448 1179 507 fortissime,
1208 451 1353 497 statim

76 538 124 570 ut
158 524 294 571 faEtus
327 527 572 587 Imperator
594 559 607 581 ,
639 523 805 586 peritus
836 535 997 584 utpote
1028 522 1093 569 rei
1123 523 1353 578 militaris,

79 597 238 644 volens
259 596 633 644 existimationem
652 597 705 643 de
730 595 771 642 se
792 596 988 643 habitam
1012 608 1187 652 tenere,
1208 598 1254 644 ὃς
1276 612 1356 641 an-

77 682 119 715 te
149 686 332 729 omnes,
359 670 602 718 Alexandri
633 670 850 734 gloriam,
884 685 1017 732 quem
1049 668 1141 729 ipse
1175 667 1355 714 occide-

77 755 179 799 rat,
206 742 405 790 vincere.
442 759 578 806 quare
616 744 866 803 Imperator
893 740 1024 787 etiam
1057 741 1103 785 in
1137 739 1358 786 exercitio

78 814 281 876 quotidie
313 814 475 861 milites
511 813 761 861 detinebat:
792 826 975 875 eratque
1015 812 1063 858 in
1101 811 1233 858 armis
1266 810 1359 873 ipse

79 907 263 953 magnus
285 891 530 948 exercitui,
554 892 603 938 &
625 906 819 950 corpore
844 888 984 935 multa
1007 868 1183 949 semper
1210 885 1361 933 osten-

80 962 203 1010 dens.
235 965 290 1010 Et
322 964 446 1011 istam
475 964 653 1027 quidem
685 963 926 1010 faffionem
959 961 1235 1008 Maximinus
1267 959 1360 1022 ipse

82 1034 224 1082 finisse
245 1037 500 1099 perhibetur
515 1073 530 1094 ‚
549 1050 599 1084 ut
619 1037 847 1084 materiam
869 1034 1144 1084 crudelitatis
1169 1045 1361 1098 augeret.

81 1108 298 1172 Denique
328 1110 417 1156 fine
444 1109 644 1169 judicio,
673 1110 764 1155 sine
791 1107 1102 1165 accusatione,
1127 1106 1218 1153 fine
1248 1106 1362 1152 dela·

83 1194 210 1238 tore,
227 1182 317 1229 fine
335 1182 588 1230 defensione
608 1199 766 1230 omnes
783 1182 1030 1238 interemit,
1053 1180 1258 1227 omnium
1281 1181 1362 1227 bo-

84 1270 142 1299 na
170 1253 338 1301 sustulit
353 1289 367 1310 ‚
388 1256 465 1313 &,
483 1256 578 1318 plus
604 1271 797 1318 quatuor
816 1255 1011 1302 millibus
1029 1252 1264 1300 hominum
1284 1269 1364 1300 oc-

84 1326 205 1383 cisis,
230 1326 271 1372 se
293 1327 446 1375 satiare
469 1345 563 1376 non
589 1327 755 1391 potuit.

148 1401 231 1447 XI.
256 1402 352 1448 Fuit
381 1402 512 1449 etiam
542 1402 620 1449 sub
651 1402 811 1449 eodem
840 1399 998 1458 fatuo,
1021 1397 1366 1449 desciscentibus

84 1472 319 1537 sagittariis
348 1475 596 1524 Osdroenis
620 1476 675 1522 ab
701 1476 860 1522 eodem
879 1511 892 1531 ‚
914 1475 975 1522 ob
1004 1490 1203 1521 amorem
1231 1473 1368 1519 Alex-

84 1547 212 1593 andri
238 1549 287 1596 &
321 1549 611 1606 desiderium,
636 1564 771 1610 quem
800 1564 825 1593 a
851 1545 1109 1593 Maximino
1139 1545 1255 1607 apud
1286 1559 1367 1590 eos

89 1619 402 1667 occisum-effe
434 1620 691 1678 constabat,
721 1636 803 1666 nec
845 1618 966 1665 aliud
1000 1615 1247 1680 persuaderi
1282 1631 1371 1677 po-

90 1704 246 1739 tuerat.
276 1693 467 1756 denique
497 1693 627 1740 etiam
651 1692 731 1755 ipsi
763 1692 947 1756 Tycum
976 1706 1032 1737 ex
1064 1688 1151 1736 suis
1181 1687 1260 1734 fibi
1289 1687 1372 1732 du-

91 1782 188 1813 cem
218 1778 352 1828 atque
379 1769 700 1829 Imperatorem
734 1765 965 1820 fecerunt,
991 1779 1126 1826 quem
1154 1759 1372 1807 Maximi·

92 1854 177 1885 nus
196 1839 424 1901 privatum
451 1838 538 1900 jam
557 1837 803 1885 dimiserat:
823 1853 954 1900 quem
981 1836 1161 1899 quidem
1187 1835 1236 1880 &
1265 1847 1372 1894 pur-

93 1927 204 1972 pura
231 1911 643 1968 circumdederunt,
664 1909 878 1973 regioque
898 1919 1107 1972 apparatu
1125 1918 1372 1962 ornarunt,

93 1985 144 2030 &
163 1984 283 2045 quasi
303 1983 366 2030 sui
388 1984 548 2031 milites
571 1983 876 2046 obsepserunt.
897 1984 947 2029 &
965 1980 1161 2028 invitum
1180 1977 1374 2041 quidem.

94 2055 168 2101 sed
196 2056 269 2103 hic
295 2056 456 2119 Tycus
477 2056 705 2104 dormiens
733 2054 858 2102 domi
877 2054 965 2101 suae
986 2054 1042 2101 ab
1065 2069 1158 2099 uno
1184 2069 1240 2099 ex
1261 2051 1373 2097 ami-

95 2128 157 2175 cis
193 2128 276 2175 suis
313 2128 568 2176 interfectus
595 2128 687 2185 est,
722 2128 799 2192 qui
832 2127 910 2174 fibi
945 2126 1091 2174 doluit
1126 2126 1252 2172 illum
1289 2123 1374 2170 effe

95 2199 407 2263 praepositum,
437 2200 714 2248 Macedonio
741 2198 954 2257 nomine,
984 2199 1062 2260 qui
1091 2214 1193 2243 eum
1225 2195 1376 2242 Maxi-

94 2273 222 2320 mino
250 2272 471 2334 prodidit,
497 2272 666 2336 quique
694 2283 830 2334 caput
852 2270 945 2331 ejus
974 2271 1028 2316 ad
1057 2268 1376 2330 Imperatorem

95 2343 266 2399 detulit.
284 2343 366 2389 Sed
387 2343 658 2390 Maximinus
679 2343 826 2404 primo
849 2342 888 2389 ei
908 2340 1065 2404 gratias
1085 2339 1174 2403 egit
1190 2374 1203 2394 ‚
1223 2337 1376 2401 postea

98 2429 244 2467 tamen
258 2452 272 2477 ,
293 2430 341 2466 ut
359 2417 635 2482 proditorem
650 2453 665 2478 ,
685 2416 795 2466 odio
812 2415 967 2468 habuit
982 2450 998 2476 ,
1019 2416 1069 2464 δι
1088 2412 1275 2462 occidit.
1296 2411 1377 2458 His
