1714 2807
336 137 389 185 18
539 139 768 184 AELlr
835 103 1412 185 spAnTrANr

326 242 438 289 scire
465 242 543 289 fibi
571 242 694 290 visus
721 243 811 301 est,
835 256 885 291 ut
905 244 1002 292 sero
1029 245 1245 292 Kalendis
1265 243 1480 293 Januariis
1501 244 1607 293 scri-

327 315 492 377 pserit,
519 315 644 379 quod
668 316 707 363 ei
736 328 837 364 toto
874 334 995 364 anno
1024 318 1166 379 poss'et
1195 319 1404 364 evenire:
1434 318 1521 376 ita,
1558 330 1606 365 ut

326 404 384 433 eo
412 404 562 443 anno,
588 405 682 452 quo
715 389 875 450 periit,
901 391 1039 453 usque
1067 392 1121 437 ad
1151 391 1270 437 illam
1302 391 1458 438 horam
1478 426 1492 448 ,
1519 407 1607 454 qua

326 458 388 506 est
407 475 610 508 mortuus
627 496 638 517 ‚
657 461 905 523 scripserit,
921 462 1030 524 quid
1045 463 1217 510 asturus
1233 463 1348 510 effet.
1359 464 1443 510 Sed
1459 480 1608 526 quam-

328 531 400 580 vis
421 533 522 579 esset
543 534 588 578 in
611 534 988 594 reprehendendis
1013 535 1188 581 musicis
1205 571 1218 590 ‚
1241 535 1442 598 tragicis,
1462 536 1606 583 c‘omi-

327 605 418 658 cis,
442 604 767 665 grammaticis,
789 606 1070 663 rhetoribus,
1090 607 1258 662 facilis3
1279 621 1427 653 tamen
1448 624 1605 655 omnes

323 677 593 739 professores
622 678 671 723 &
694 677 968 735 honoravit,
985 680 1034 726 &
1062 678 1226 726 divites
1245 678 1377 737 fecit,
1393 679 1497 727 licet
1525 695 1604 726 eos

323 748 646 812 quaestionibus
666 748 834 811 semper
852 749 1053 813 agitavit.
1071 752 1124 797 Et
1144 751 1353 814 cumipse
1370 753 1524 798 au&or
1541 750 1606 798 es-

320 822 413 876 set,
443 834 490 865 ut
522 821 647 867 multi
681 821 736 866 ab
768 838 824 867 eo
853 822 995 868 tristes
1024 824 1308 880 recederem3
1333 823 1540 880 dicebat,
1559 825 1605 884 se

319 894 638 956 φανὴν-βενε,
661 894 704 958 st
724 913 839 955 quem
860 896 1006 959 tristem
1031 899 1192 941 videret.
1212 897 1259 940 In
1289 895 1456 942 summa
1474 895 1608 941 fami-

319 967 508 1012 liaritate
530 965 777 1027 Epiftetum
809 968 857 1012 ὅ(
885 966 1186 1013 Heliodorum
1218 967 1537 1028 philosophos,
1556 968 1606 1013 δε

320 1038 415 1102 (ne
446 1036 712 1082 nominatim
742 1039 796 1082 de
825 1039 1036 1082 omnibus
1064 1034 1241 1098 dicam)
1269 1035 1606 1098 grammaticos,

319 1110 525 1155 rhetores
544 1145 556 1165 ,
578 1107 770 1153 muficos
787 1143 798 1165 ,
820 1119 1069 1170 geometras
1084 1142 1098 1163 ,
1118 1106 1309 1168 pistores
1323 1141 1336 1163 ,
1353 1105 1605 1168 astrologos

317 1181 499 1234 habuit;
534 1197 624 1242 prae
654 1179 810 1226 ceteris
844 1179 927 1242 (ut
959 1178 1087 1224 multi
1119 1177 1343 1241 afferunt)
1378 1179 1603 1224 eminente

317 1253 564 1300 Favorino.
594 1253 846 1309 Dofflores,
867 1251 947 1312 qui
980 1251 1242 1312 profellioni
1274 1252 1360 1297 suae
1387 1250 1604 1298 inhabiles

317 1327 591 1374 videbantur
611 1359 625 1381 ,
669 1323 835 1371 ditatos
875 1323 1219 1387 honoratosque
1259 1341 1285 1370 a
1326 1323 1603 1386 profeffione

318 1399 498 1447 dimisit.

383 1474 531 1520 XV11.
552 1473 687 1531 Quos
708 1470 753 1516 in
779 1469 955 1532 privata
976 1469 1070 1516 vita
1094 1469 1305 1517 inimicos
1321 1468 1502 1522 habuit,
1520 1468 1604 1514 im-

317 1559 501 1609 perator
525 1557 699 1590 tantum
734 1543 955 1607 neglexit,
978 1542 1037 1588 ita
1064 1554 1112 1588 ut
1147 1543 1251 1599 uni,
1275 1559 1408 1605 quem
1436 1540 1603 1603 capita-

317 1621 406 1666 lem
427 1618 662 1674 habuerat,
680 1616 815 1663 faCtus
835 1616 1078 1677 imperator
1093 1615 1284 1673 diceret,
1298 1615 1492 1681 Evafisti.
1520 1613 1602 1671 lis,

316 1706 432 1752 quos
462 1689 516 1736 ad
542 1688 742 1734 militiam
770 1687 862 1749 ipse
891 1703 969 1749 per
995 1688 1034 1733 se
1058 1688 1270 1743 vocavit,
1309 1704 1480 1749 equos,
1504 1704 1602 1733 mu-

316 1763 386 1808 los
402 1797 414 1817 ,
436 1761 601 1817 vestes,
622 1761 812 1816 sumtus,
835 1762 882 1807 &
902 1776 1083 1805 omnem
1108 1774 1315 1806 ornatum
1338 1759 1506 1821 semper
1525 1776 1602 1806 ex·
1625 1786 1630 1791 ·

315 1835 476 1882 hibuit.
500 1834 782 1880 Saturnalitia
814 1835 862 1881 &
890 1833 1128 1896 sigillaritia
1159 1833 1412 1894 frequenter
1450 1833 1605 1881 amicis

318 1907 662 1968 inopinantibus
682 1906 821 1962 mifit,
842 1909 890 1953 ὃ(
912 1907 1001 1969 ipse
1020 1907 1074 1953 ab
1103 1907 1169 1952 his
1191 1907 1380 1952 libenter
1404 1907 1602 1968 accepit,

317 1983 366 2028 ὅ(
388 1980 472 2026 alia
501 1980 701 2025 invicem
731 1980 867 2026 dedit.
898 1981 965 2025 Ad
988 1979 1378 2040 deprehendendas
1403 1978 1602 2026 obsona-

316 2065 471 2098 torum
498 2051 697 2105 fraudes,
719 2068 819 2098 cum
847 2051 1049 2113 plurimis
1075 2051 1350 2097 sumentibus
1376 2051 1603 2112 pasceret,

316 2125 485 2171 fercula
505 2126 558 2170 de
577 2124 673 2170 aliis
695 2125 852 2170 mensis
875 2125 1004 2170 etiam
1031 2124 1196 2170 ultimis
1216 2125 1465 2187 quibusque
1486 2124 1603 2185 juffit

319 2196 504 2258 apponi.
526 2196 698 2242 Omnes
722 2213 845 2259 reges
867 2196 1125 2242 muneribus
1146 2196 1229 2242 suis
1256 2196 1381 2243 vicit.
1401 2197 1606 2253 Publice,

319 2269 656 2330 &frequenter,
677 2270 725 2314 &
749 2285 851 2314 cum
873 2268 1085 2313 omnibus
1101 2269 1205 2315 lavit
1223 2258 1302 2314 {ex
1325 2284 1417 2331 quo
1436 2267 1509 2313 ille
1532 2266 1603 2327 jo-

318 2358 397 2387 cus
420 2341 637 2388 balnearis
661 2342 875 2388 innotuit.
908 2359 1005 2387 nam
1035 2359 1136 2388 cum
1169 2342 1366 2403 quodam
1397 2354 1602 2402 ternpore

320 2427 580 2465 veteranum
608 2416 828 2480 quendam
862 2429 1019 2463 notum
1041 2415 1120 2464 fibi
1144 2415 1189 2462 in
1217 2413 1399 2474 militia,
1421 2411 1601 2462 dorsum
