<?xml version="1.0" encoding="UTF-8"?>
<!DOCTYPE html PUBLIC "-//W3C//DTD XHTML 1.0 Transitional//EN"
    "http://www.w3.org/TR/xhtml1/DTD/xhtml1-transitional.dtd">
<html xmlns="http://www.w3.org/1999/xhtml" xml:lang="en" lang="en">
 <head>
  <title>
</title>
<meta http-equiv="Content-Type" content="text/html;charset=utf-8" />
  <meta name='ocr-system' content='tesseract 3.04.00' />
  <meta name='ocr-capabilities' content='ocr_page ocr_carea ocr_par ocr_line ocrx_word'/>
</head>
<body>
  <div class='ocr_page' id='page_1' title='image "./historiaeaugusta00bipouoft_0441.png"; bbox 0 0 1637 2785; ppageno 0'>
   <div class='ocr_carea' id='block_1_1' title="bbox 279 113 1366 209">
    <p class='ocr_par' dir='ltr' id='par_1_1' title="bbox 279 113 1366 209">
     <span class='ocr_line' id='line_1_1' title="bbox 279 113 1366 209; baseline -0.002 -13"><span class='ocrx_word' id='word_1_1' title='bbox 279 113 781 196; x_wconf 67' lang='lat' dir='ltr'>ooR&#39;DiANUS</span> <span class='ocrx_word' id='word_1_2' title='bbox 829 147 1150 196; x_wconf 80' lang='lat' dir='ltr'>JUNloR.</span> <span class='ocrx_word' id='word_1_3' title='bbox 1303 163 1366 209; x_wconf 80' lang='lat'>47</span> 
     </span>
    </p>
   </div>
   <div class='ocr_carea' id='block_1_2' title="bbox 69 250 1392 2487">
    <p class='ocr_par' dir='ltr' id='par_1_2' title="bbox 70 250 1367 594">
     <span class='ocr_line' id='line_1_2' title="bbox 73 250 1366 311; baseline 0.001 -12"><span class='ocrx_word' id='word_1_4' title='bbox 73 250 259 300; x_wconf 74' lang='lat' dir='ltr'>Exstant</span> <span class='ocrx_word' id='word_1_5' title='bbox 279 253 417 311; x_wconf 59' lang='lat' dir='ltr'>dicia,</span> <span class='ocrx_word' id='word_1_6' title='bbox 437 254 487 300; x_wconf 86' lang='lat'>&amp;</span> <span class='ocrx_word' id='word_1_7' title='bbox 509 252 651 299; x_wconf 81' lang='lat' dir='ltr'>soluta</span> <span class='ocrx_word' id='word_1_8' title='bbox 672 252 882 298; x_wconf 81' lang='lat' dir='ltr'>oratione</span> <span class='ocrx_word' id='word_1_9' title='bbox 911 254 960 300; x_wconf 67' lang='grc' dir='ltr'>δι</span> <span class='ocrx_word' id='word_1_10' title='bbox 991 253 1191 299; x_wconf 75' lang='lat' dir='ltr'>versibus</span> <span class='ocrx_word' id='word_1_11' title='bbox 1206 289 1218 306; x_wconf 81' lang='lat'><em>‚</em></span> <span class='ocrx_word' id='word_1_12' title='bbox 1240 253 1366 300; x_wconf 90' lang='lat' dir='ltr'>Gor-</span> 
     </span>
     <span class='ocr_line' id='line_1_3' title="bbox 73 325 1366 392; baseline -0.001 -18"><span class='ocrx_word' id='word_1_13' title='bbox 73 327 193 376; x_wconf 87' lang='lat' dir='ltr'>diani</span> <span class='ocrx_word' id='word_1_14' title='bbox 220 327 439 388; x_wconf 86' lang='lat' dir='ltr'>junioris,</span> <span class='ocrx_word' id='word_1_15' title='bbox 458 343 559 390; x_wconf 81' lang='lat' dir='ltr'>quae</span> <span class='ocrx_word' id='word_1_16' title='bbox 579 326 714 373; x_wconf 85' lang='lat' dir='ltr'>hodie</span> <span class='ocrx_word' id='word_1_17' title='bbox 734 327 787 372; x_wconf 77' lang='lat' dir='ltr'>ab</span> <span class='ocrx_word' id='word_1_18' title='bbox 805 325 902 385; x_wconf 85' lang='lat' dir='ltr'>ejus</span> <span class='ocrx_word' id='word_1_19' title='bbox 923 328 1130 373; x_wconf 86' lang='lat' dir='ltr'>affinibus</span> <span class='ocrx_word' id='word_1_20' title='bbox 1152 328 1366 392; x_wconf 79' lang='lat' dir='ltr'>frequen-</span> 
     </span>
     <span class='ocr_line' id='line_1_4' title="bbox 73 399 1366 464; baseline 0.002 -16"><span class='ocrx_word' id='word_1_21' title='bbox 73 413 251 459; x_wconf 80' lang='lat' dir='ltr'>tantur,</span> <span class='ocrx_word' id='word_1_22' title='bbox 284 418 378 447; x_wconf 90' lang='lat' dir='ltr'>non</span> <span class='ocrx_word' id='word_1_23' title='bbox 407 416 597 464; x_wconf 85' lang='lat' dir='ltr'>magna,</span> <span class='ocrx_word' id='word_1_24' title='bbox 633 416 729 446; x_wconf 89' lang='lat' dir='ltr'>non</span> <span class='ocrx_word' id='word_1_25' title='bbox 765 399 978 458; x_wconf 84' lang='lat' dir='ltr'>minima,</span> <span class='ocrx_word' id='word_1_26' title='bbox 1006 401 1079 447; x_wconf 89' lang='lat' dir='ltr'>sed</span> <span class='ocrx_word' id='word_1_27' title='bbox 1111 403 1281 460; x_wconf 86' lang='lat' dir='ltr'>media,</span> <span class='ocrx_word' id='word_1_28' title='bbox 1313 404 1366 451; x_wconf 86' lang='lat'>&amp;</span> 
     </span>
     <span class='ocr_line' id='line_1_5' title="bbox 71 471 1367 552; baseline 0.004 -33"><span class='ocrx_word' id='word_1_29' title='bbox 71 489 171 536; x_wconf 86' lang='lat' dir='ltr'>quae</span> <span class='ocrx_word' id='word_1_30' title='bbox 193 485 447 552; x_wconf 76' lang='lat' dir='ltr'>appareant</span> <span class='ocrx_word' id='word_1_31' title='bbox 482 473 567 519; x_wconf 75' lang='lat' dir='ltr'>effe</span> <span class='ocrx_word' id='word_1_32' title='bbox 601 471 727 519; x_wconf 80' lang='lat' dir='ltr'>homi</span> <span class='ocrx_word' id='word_1_33' title='bbox 716 471 802 519; x_wconf 90' lang='lat' dir='ltr'>nis</span> <span class='ocrx_word' id='word_1_34' title='bbox 838 471 1086 535; x_wconf 78' lang='lat' dir='ltr'>ingeniosi,</span> <span class='ocrx_word' id='word_1_35' title='bbox 1124 475 1196 522; x_wconf 88' lang='lat' dir='ltr'>sed</span> <span class='ocrx_word' id='word_1_36' title='bbox 1232 478 1367 524; x_wconf 86' lang='lat' dir='ltr'>luxu-</span> 
     </span>
     <span class='ocr_line' id='line_1_6' title="bbox 70 543 1005 607; baseline -0.003 -15"><span class='ocrx_word' id='word_1_37' title='bbox 70 544 255 602; x_wconf 85' lang='lat' dir='ltr'>riantis,</span> <span class='ocrx_word' id='word_1_38' title='bbox 284 547 333 594; x_wconf 84' lang='lat'>&amp;</span> <span class='ocrx_word' id='word_1_39' title='bbox 352 544 480 592; x_wconf 86' lang='lat' dir='ltr'>suum</span> <span class='ocrx_word' id='word_1_40' title='bbox 501 543 769 592; x_wconf 78' lang='lat' dir='ltr'>deserentis</span> <span class='ocrx_word' id='word_1_41' title='bbox 759 544 1005 607; x_wconf 78' lang='lat' dir='ltr'>ingenium.</span> 
     </span>
    </p>

    <p class='ocr_par' dir='ltr' id='par_1_3' title="bbox 69 615 1392 2487">
     <span class='ocr_line' id='line_1_7' title="bbox 136 615 1367 675; baseline 0.002 -11"><span class='ocrx_word' id='word_1_42' title='bbox 136 619 268 666; x_wconf 87' lang='lat' dir='ltr'>XXI.</span> <span class='ocrx_word' id='word_1_43' title='bbox 291 619 539 665; x_wconf 81' lang='lat' dir='ltr'>Pomorum</span> <span class='ocrx_word' id='word_1_44' title='bbox 577 619 626 666; x_wconf 78' lang='grc' dir='ltr'>δι</span> <span class='ocrx_word' id='word_1_45' title='bbox 655 617 831 664; x_wconf 85' lang='lat' dir='ltr'>olerum</span> <span class='ocrx_word' id='word_1_46' title='bbox 865 615 1143 664; x_wconf 78' lang='lat' dir='ltr'>avidiffimus</span> <span class='ocrx_word' id='word_1_47' title='bbox 1180 617 1289 675; x_wconf 85' lang='lat' dir='ltr'>fuit;</span> <span class='ocrx_word' id='word_1_48' title='bbox 1319 619 1367 668; x_wconf 86' lang='lat' dir='ltr'>in</span> 
     </span>
     <span class='ocr_line' id='line_1_8' title="bbox 69 690 1368 755; baseline 0.001 -18"><span class='ocrx_word' id='word_1_49' title='bbox 69 691 249 755; x_wconf 85' lang='lat' dir='ltr'>reliquo</span> <span class='ocrx_word' id='word_1_50' title='bbox 276 692 482 738; x_wconf 88' lang='lat' dir='ltr'>ciborum</span> <span class='ocrx_word' id='word_1_51' title='bbox 505 707 667 755; x_wconf 78' lang='lat' dir='ltr'>genere</span> <span class='ocrx_word' id='word_1_52' title='bbox 694 690 996 753; x_wconf 81' lang='lat' dir='ltr'>parciffimus.</span> <span class='ocrx_word' id='word_1_53' title='bbox 1015 691 1156 749; x_wconf 82' lang='lat' dir='ltr'>ade0‚</span> <span class='ocrx_word' id='word_1_54' title='bbox 1178 707 1226 738; x_wconf 76' lang='lat' dir='ltr'>nt</span> <span class='ocrx_word' id='word_1_55' title='bbox 1257 693 1329 738; x_wconf 69' lang='lat' dir='ltr'>ser:</span> <span class='ocrx_word' id='word_1_56' title='bbox 1331 711 1368 736; x_wconf 92' lang='lat'>-</span> 
     </span>
     <span class='ocr_line' id='line_1_9' title="bbox 69 763 1368 828; baseline 0.001 -18"><span class='ocrx_word' id='word_1_57' title='bbox 69 780 150 826; x_wconf 87' lang='lat' dir='ltr'>per</span> <span class='ocrx_word' id='word_1_58' title='bbox 182 780 425 827; x_wconf 87' lang='lat' dir='ltr'>pomorum</span> <span class='ocrx_word' id='word_1_59' title='bbox 457 764 631 827; x_wconf 83' lang='lat' dir='ltr'>aliquid</span> <span class='ocrx_word' id='word_1_60' title='bbox 667 763 913 811; x_wconf 86' lang='lat' dir='ltr'>recentium</span> <span class='ocrx_word' id='word_1_61' title='bbox 942 764 1197 812; x_wconf 84' lang='lat' dir='ltr'>devoraret.</span> <span class='ocrx_word' id='word_1_62' title='bbox 1223 765 1368 828; x_wconf 74' lang='lat' dir='ltr'>Frigi-</span> 
     </span>
     <span class='ocr_line' id='line_1_10' title="bbox 70 836 1371 901; baseline 0.002 -18"><span class='ocrx_word' id='word_1_63' title='bbox 70 838 226 884; x_wconf 85' lang='lat' dir='ltr'>darum</span> <span class='ocrx_word' id='word_1_64' title='bbox 255 838 553 901; x_wconf 47' lang='lat' dir='ltr'>percupidum</span> <span class='ocrx_word' id='word_1_65' title='bbox 580 854 664 884; x_wconf 86' lang='lat' dir='ltr'>nec</span> <span class='ocrx_word' id='word_1_66' title='bbox 687 836 817 885; x_wconf 79' lang='lat' dir='ltr'>facile</span> <span class='ocrx_word' id='word_1_67' title='bbox 841 855 920 900; x_wconf 87' lang='lat' dir='ltr'>per</span> <span class='ocrx_word' id='word_1_68' title='bbox 949 838 1142 886; x_wconf 81' lang='lat' dir='ltr'>aestatem</span> <span class='ocrx_word' id='word_1_69' title='bbox 1174 838 1255 885; x_wconf 82' lang='lat' dir='ltr'>nifi</span> <span class='ocrx_word' id='word_1_70' title='bbox 1287 838 1371 886; x_wconf 89' lang='lat' dir='ltr'>fri-</span> 
     </span>
     <span class='ocr_line' id='line_1_11' title="bbox 70 909 1370 973; baseline 0.005 -19"><span class='ocrx_word' id='word_1_71' title='bbox 70 909 221 972; x_wconf 84' lang='lat' dir='ltr'>gidas,</span> <span class='ocrx_word' id='word_1_72' title='bbox 252 911 303 958; x_wconf 64' lang='grc' dir='ltr'>δι</span> <span class='ocrx_word' id='word_1_73' title='bbox 330 927 465 973; x_wconf 85' lang='lat' dir='ltr'>quam</span> <span class='ocrx_word' id='word_1_74' title='bbox 492 910 764 990; x_wconf 56' lang='lat' dir='ltr'>lihirimum,</span> <span class='ocrx_word' id='word_1_75' title='bbox 796 910 924 956; x_wconf 87' lang='lat' dir='ltr'>bibit.</span> <span class='ocrx_word' id='word_1_76' title='bbox 953 913 1001 956; x_wconf 82' lang='lat'><strong>&amp;</strong></span> <span class='ocrx_word' id='word_1_77' title='bbox 1039 923 1131 957; x_wconf 85' lang='lat' dir='ltr'>erat</span> <span class='ocrx_word' id='word_1_78' title='bbox 1158 911 1370 973; x_wconf 82' lang='lat' dir='ltr'>corporis</span> 
     </span>
     <span class='ocr_line' id='line_1_12' title="bbox 74 944 1370 1050; baseline 0.003 -23"><span class='ocrx_word' id='word_1_79' title='bbox 74 982 208 1029; x_wconf 81' lang='lat' dir='ltr'>vasti:</span> <span class='ocrx_word' id='word_1_80' title='bbox 240 999 377 1050; x_wconf 80' lang='lat' dir='ltr'>qnare</span> <span class='ocrx_word' id='word_1_81' title='bbox 405 982 545 1046; x_wconf 77' lang='lat' dir='ltr'>magis</span> <span class='ocrx_word' id='word_1_82' title='bbox 580 983 635 1028; x_wconf 83' lang='lat' dir='ltr'>ad</span> <span class='ocrx_word' id='word_1_83' title='bbox 667 944 848 1045; x_wconf 81' lang='lat' dir='ltr'>frigidas</span> <span class='ocrx_word' id='word_1_84' title='bbox 877 983 1131 1045; x_wconf 80' lang='lat' dir='ltr'><strong>urgebatur.</strong></span> <span class='ocrx_word' id='word_1_85' title='bbox 1170 985 1278 1031; x_wconf 86' lang='lat' dir='ltr'>Haec</span> <span class='ocrx_word' id='word_1_86' title='bbox 1313 984 1370 1031; x_wconf 89' lang='lat' dir='ltr'>de</span> 
     </span>
     <span class='ocr_line' id='line_1_13' title="bbox 71 1053 1371 1116; baseline 0.001 -16"><span class='ocrx_word' id='word_1_87' title='bbox 71 1054 314 1101; x_wconf 67' lang='lat' dir='ltr'>Gordiano</span> <span class='ocrx_word' id='word_1_88' title='bbox 349 1054 446 1116; x_wconf 87' lang='lat' dir='ltr'>jun&#39;</span> <span class='ocrx_word' id='word_1_89' title='bbox 454 1070 532 1101; x_wconf 64' lang='lat' dir='ltr'>ore</span> <span class='ocrx_word' id='word_1_90' title='bbox 573 1053 703 1116; x_wconf 81' lang='lat' dir='ltr'>digna</span> <span class='ocrx_word' id='word_1_91' title='bbox 740 1069 994 1100; x_wconf 81' lang='lat' dir='ltr'>memoratu</span> <span class='ocrx_word' id='word_1_92' title='bbox 1037 1054 1371 1116; x_wconf 80' lang='lat' dir='ltr'>comperimus.</span> 
     </span>
     <span class='ocr_line' id='line_1_14' title="bbox 70 1124 1369 1189; baseline 0.001 -16"><span class='ocrx_word' id='word_1_93' title='bbox 70 1142 166 1173; x_wconf 90' lang='lat' dir='ltr'>non</span> <span class='ocrx_word' id='word_1_94' title='bbox 198 1126 317 1173; x_wconf 86' lang='lat' dir='ltr'>enim</span> <span class='ocrx_word' id='word_1_95' title='bbox 350 1142 435 1173; x_wconf 80' lang='lat' dir='ltr'>nos</span> <span class='ocrx_word' id='word_1_96' title='bbox 466 1126 570 1173; x_wconf 80' lang='lat' dir='ltr'>talia</span> <span class='ocrx_word' id='word_1_97' title='bbox 600 1127 749 1173; x_wconf 77' lang='lat' dir='ltr'><strong>dicere</strong></span> <span class='ocrx_word' id='word_1_98' title='bbox 780 1124 1042 1182; x_wconf 85' lang='lat' dir='ltr'>voluimus,</span> <span class='ocrx_word' id='word_1_99' title='bbox 1071 1143 1174 1189; x_wconf 80' lang='lat' dir='ltr'>quae</span> <span class='ocrx_word' id='word_1_100' title='bbox 1213 1127 1369 1175; x_wconf 79' lang='lat' dir='ltr'>Junius</span> 
     </span>
     <span class='ocr_line' id='line_1_15' title="bbox 70 1197 1368 1262; baseline -0.001 -15"><span class='ocrx_word' id='word_1_101' title='bbox 70 1199 252 1247; x_wconf 78' lang='lat' dir='ltr'>Cordus</span> <span class='ocrx_word' id='word_1_102' title='bbox 280 1198 467 1247; x_wconf 69' lang='lat' dir='ltr'>ridicule</span> <span class='ocrx_word' id='word_1_103' title='bbox 495 1216 546 1247; x_wconf 81' lang='lat' dir='ltr'>ac</span> <span class='ocrx_word' id='word_1_104' title='bbox 574 1197 707 1245; x_wconf 81' lang='lat' dir='ltr'>stulte</span> <span class='ocrx_word' id='word_1_105' title='bbox 735 1197 994 1260; x_wconf 81' lang='lat' dir='ltr'>composuit</span> <span class='ocrx_word' id='word_1_106' title='bbox 1024 1198 1079 1245; x_wconf 89' lang='lat' dir='ltr'>de</span> <span class='ocrx_word' id='word_1_107' title='bbox 1111 1199 1368 1262; x_wconf 77' lang='lat' dir='ltr'>voluptati-</span> 
     </span>
     <span class='ocr_line' id='line_1_16' title="bbox 70 1269 1369 1337; baseline 0.001 -18"><span class='ocrx_word' id='word_1_108' title='bbox 70 1273 152 1320; x_wconf 85' lang='lat' dir='ltr'>bus</span> <span class='ocrx_word' id='word_1_109' title='bbox 178 1271 468 1329; x_wconf 81' lang='lat' dir='ltr'>domesticis,</span> <span class='ocrx_word' id='word_1_110' title='bbox 499 1271 744 1336; x_wconf 71' lang='lat' dir='ltr'>ceterisque</span> <span class='ocrx_word' id='word_1_111' title='bbox 776 1269 941 1319; x_wconf 78' lang='lat' dir='ltr'>infimis</span> <span class='ocrx_word' id='word_1_112' title='bbox 972 1272 1128 1320; x_wconf 78' lang='lat' dir='ltr'>rebus:</span> <span class='ocrx_word' id='word_1_113' title='bbox 1155 1289 1254 1336; x_wconf 85' lang='lat' dir='ltr'>quae</span> <span class='ocrx_word' id='word_1_114' title='bbox 1286 1273 1369 1337; x_wconf 85' lang='lat' dir='ltr'>qui</span> 
     </span>
     <span class='ocr_line' id='line_1_17' title="bbox 70 1345 1370 1410; baseline 0.001 -18"><span class='ocrx_word' id='word_1_115' title='bbox 70 1346 184 1393; x_wconf 83' lang='lat' dir='ltr'>velit</span> <span class='ocrx_word' id='word_1_116' title='bbox 202 1345 313 1393; x_wconf 84' lang='lat' dir='ltr'>scire</span> <span class='ocrx_word' id='word_1_117' title='bbox 330 1382 343 1402; x_wconf 87' lang='lat'><strong>,</strong></span> <span class='ocrx_word' id='word_1_118' title='bbox 364 1345 507 1408; x_wconf 84' lang='lat' dir='ltr'>ipsum</span> <span class='ocrx_word' id='word_1_119' title='bbox 528 1345 641 1409; x_wconf 70' lang='lat' dir='ltr'>legat</span> <span class='ocrx_word' id='word_1_120' title='bbox 665 1345 871 1392; x_wconf 84' lang='lat' dir='ltr'>Cordum</span> <span class='ocrx_word' id='word_1_121' title='bbox 887 1381 902 1403; x_wconf 91' lang='lat'><em>‚</em></span> <span class='ocrx_word' id='word_1_122' title='bbox 922 1345 1000 1409; x_wconf 84' lang='lat' dir='ltr'>qui</span> <span class='ocrx_word' id='word_1_123' title='bbox 1022 1346 1132 1394; x_wconf 85' lang='lat' dir='ltr'>dicit</span> <span class='ocrx_word' id='word_1_124' title='bbox 1148 1383 1160 1404; x_wconf 88' lang='lat'>,</span> <span class='ocrx_word' id='word_1_125' title='bbox 1182 1348 1231 1395; x_wconf 88' lang='lat'>&amp;</span> <span class='ocrx_word' id='word_1_126' title='bbox 1251 1363 1370 1410; x_wconf 83' lang='lat' dir='ltr'>quos</span> 
     </span>
     <span class='ocr_line' id='line_1_18' title="bbox 72 1418 1370 1484; baseline 0.002 -18"><span class='ocrx_word' id='word_1_127' title='bbox 72 1418 227 1466; x_wconf 83' lang='lat' dir='ltr'>servos</span> <span class='ocrx_word' id='word_1_128' title='bbox 263 1419 469 1466; x_wconf 80' lang='lat' dir='ltr'>habuerit</span> <span class='ocrx_word' id='word_1_129' title='bbox 503 1418 804 1482; x_wconf 63' lang='lat' dir='ltr'>unusquisque</span> <span class='ocrx_word' id='word_1_130' title='bbox 839 1419 1096 1481; x_wconf 82' lang='lat' dir='ltr'>Principum</span> <span class='ocrx_word' id='word_1_131' title='bbox 1120 1456 1132 1475; x_wconf 89' lang='lat'><em>‚</em></span> <span class='ocrx_word' id='word_1_132' title='bbox 1166 1423 1215 1469; x_wconf 81' lang='lat'><strong>&amp;</strong></span> <span class='ocrx_word' id='word_1_133' title='bbox 1251 1437 1370 1484; x_wconf 83' lang='lat' dir='ltr'>quos</span> 
     </span>
     <span class='ocr_line' id='line_1_19' title="bbox 70 1491 1371 1556; baseline 0 -17"><span class='ocrx_word' id='word_1_134' title='bbox 70 1491 268 1549; x_wconf 79' lang='lat' dir='ltr'>amicos,</span> <span class='ocrx_word' id='word_1_135' title='bbox 284 1494 333 1540; x_wconf 87' lang='lat'>&amp;</span> <span class='ocrx_word' id='word_1_136' title='bbox 357 1506 472 1550; x_wconf 78' lang='lat' dir='ltr'>quot</span> <span class='ocrx_word' id='word_1_137' title='bbox 491 1493 713 1554; x_wconf 75' lang='lat' dir='ltr'>paenulas,</span> <span class='ocrx_word' id='word_1_138' title='bbox 731 1504 913 1555; x_wconf 86' lang='lat' dir='ltr'>quotve</span> <span class='ocrx_word' id='word_1_139' title='bbox 935 1493 1198 1555; x_wconf 78' lang='lat' dir='ltr'>chlamydes</span> <span class='ocrx_word' id='word_1_140' title='bbox 1214 1510 1371 1556; x_wconf 49' lang='lat' dir='ltr'>:fenio-</span> 
     </span>
     <span class='ocr_line' id='line_1_20' title="bbox 71 1564 1370 1627; baseline 0.002 -17"><span class='ocrx_word' id='word_1_141' title='bbox 71 1581 170 1610; x_wconf 84' lang='lat' dir='ltr'>rum</span> <span class='ocrx_word' id='word_1_142' title='bbox 200 1564 334 1611; x_wconf 76' lang='lat' dir='ltr'>etiam</span> <span class='ocrx_word' id='word_1_143' title='bbox 368 1564 549 1612; x_wconf 80' lang='lat' dir='ltr'>scientia</span> <span class='ocrx_word' id='word_1_144' title='bbox 575 1564 688 1611; x_wconf 64' lang='lat' dir='ltr'>nulli</span> <span class='ocrx_word' id='word_1_145' title='bbox 724 1564 920 1623; x_wconf 80' lang='lat' dir='ltr'>prodest.</span> <span class='ocrx_word' id='word_1_146' title='bbox 945 1564 1174 1627; x_wconf 80' lang='lat' dir='ltr'>Siquidem</span> <span class='ocrx_word' id='word_1_147' title='bbox 1200 1582 1253 1612; x_wconf 88' lang='lat' dir='ltr'>ea</span> <span class='ocrx_word' id='word_1_148' title='bbox 1286 1567 1370 1613; x_wconf 62' lang='lat' dir='ltr'>dea.</span> 
     </span>
     <span class='ocr_line' id='line_1_21' title="bbox 71 1636 1392 1700; baseline 0.002 -17"><span class='ocrx_word' id='word_1_149' title='bbox 71 1637 180 1684; x_wconf 85' lang='lat' dir='ltr'>bent</span> <span class='ocrx_word' id='word_1_150' title='bbox 209 1638 254 1682; x_wconf 87' lang='lat' dir='ltr'>in</span> <span class='ocrx_word' id='word_1_151' title='bbox 291 1637 471 1683; x_wconf 81' lang='lat' dir='ltr'>historia</span> <span class='ocrx_word' id='word_1_152' title='bbox 501 1636 613 1698; x_wconf 89' lang='lat' dir='ltr'>poni</span> <span class='ocrx_word' id='word_1_153' title='bbox 642 1636 698 1684; x_wconf 81' lang='lat' dir='ltr'>ab</span> <span class='ocrx_word' id='word_1_154' title='bbox 727 1636 1104 1699; x_wconf 76' lang='lat' dir='ltr'>historiographis</span> <span class='ocrx_word' id='word_1_155' title='bbox 1123 1673 1135 1692; x_wconf 87' lang='lat'>‚</span> <span class='ocrx_word' id='word_1_156' title='bbox 1165 1653 1266 1700; x_wconf 84' lang='lat' dir='ltr'>quae</span> <span class='ocrx_word' id='word_1_157' title='bbox 1292 1650 1392 1686; x_wconf 81' lang='lat' dir='ltr'>aut·</span> 
     </span>
     <span class='ocr_line' id='line_1_22' title="bbox 72 1707 1368 1773; baseline 0.004 -20"><span class='ocrx_word' id='word_1_158' title='bbox 72 1707 279 1770; x_wconf 72' lang='lat' dir='ltr'>fugienda</span> <span class='ocrx_word' id='word_1_159' title='bbox 319 1708 426 1766; x_wconf 79' lang='lat' dir='ltr'>(int,</span> <span class='ocrx_word' id='word_1_160' title='bbox 456 1722 530 1755; x_wconf 87' lang='lat' dir='ltr'>aut</span> <span class='ocrx_word' id='word_1_161' title='bbox 569 1708 802 1770; x_wconf 81' lang='lat' dir='ltr'>sequenda.</span> <span class='ocrx_word' id='word_1_162' title='bbox 838 1709 953 1755; x_wconf 80' lang='lat' dir='ltr'>Sane</span> <span class='ocrx_word' id='word_1_163' title='bbox 987 1709 1199 1772; x_wconf 87' lang='lat' dir='ltr'>quidem,</span> <span class='ocrx_word' id='word_1_164' title='bbox 1241 1711 1368 1773; x_wconf 81' lang='lat' dir='ltr'>quod</span> 
     </span>
     <span class='ocr_line' id='line_1_23' title="bbox 72 1779 1370 1843; baseline 0.002 -17"><span class='ocrx_word' id='word_1_165' title='bbox 72 1781 191 1840; x_wconf 73' lang='lat' dir='ltr'>apud</span> <span class='ocrx_word' id='word_1_166' title='bbox 205 1779 462 1827; x_wconf 82' lang='lat' dir='ltr'>Vulcatium</span> <span class='ocrx_word' id='word_1_167' title='bbox 480 1781 803 1827; x_wconf 82' lang='lat' dir='ltr'>Terentianum</span> <span class='ocrx_word' id='word_1_168' title='bbox 821 1816 834 1837; x_wconf 85' lang='lat'>‚</span> <span class='ocrx_word' id='word_1_169' title='bbox 847 1779 926 1843; x_wconf 86' lang='lat' dir='ltr'>qui</span> <span class='ocrx_word' id='word_1_170' title='bbox 946 1779 1009 1826; x_wconf 87' lang='lat' dir='ltr'>sui</span> <span class='ocrx_word' id='word_1_171' title='bbox 1027 1781 1247 1843; x_wconf 78' lang='lat' dir='ltr'>temporis</span> <span class='ocrx_word' id='word_1_172' title='bbox 1264 1782 1370 1829; x_wconf 82' lang='lat' dir='ltr'>scri-</span> 
     </span>
     <span class='ocr_line' id='line_1_24' title="bbox 73 1852 1370 1915; baseline 0.003 -16"><span class='ocrx_word' id='word_1_173' title='bbox 73 1852 156 1915; x_wconf 81' lang='lat' dir='ltr'>pfit</span> <span class='ocrx_word' id='word_1_174' title='bbox 184 1853 441 1911; x_wconf 77' lang='lat' dir='ltr'>historiam,</span> <span class='ocrx_word' id='word_1_175' title='bbox 471 1853 650 1900; x_wconf 74' lang='lat' dir='ltr'>videtur</span> <span class='ocrx_word' id='word_1_176' title='bbox 682 1853 907 1912; x_wconf 87' lang='lat' dir='ltr'>mirabile,</span> <span class='ocrx_word' id='word_1_177' title='bbox 939 1853 1221 1901; x_wconf 84' lang='lat' dir='ltr'>inserendum</span> <span class='ocrx_word' id='word_1_178' title='bbox 1258 1873 1370 1903; x_wconf 84' lang='lat' dir='ltr'>cen-</span> 
     </span>
     <span class='ocr_line' id='line_1_25' title="bbox 73 1924 1369 1992; baseline 0.003 -20"><span class='ocrx_word' id='word_1_179' title='bbox 73 1924 155 1974; x_wconf 86' lang='lat' dir='ltr'>sui.</span> <span class='ocrx_word' id='word_1_180' title='bbox 182 1925 291 1972; x_wconf 88' lang='lat' dir='ltr'>dicit</span> <span class='ocrx_word' id='word_1_181' title='bbox 308 1927 427 1972; x_wconf 86' lang='lat' dir='ltr'>enim</span> <span class='ocrx_word' id='word_1_182' title='bbox 450 1961 463 1982; x_wconf 92' lang='lat'><strong>,</strong></span> <span class='ocrx_word' id='word_1_183' title='bbox 486 1927 774 1973; x_wconf 81' lang='lat' dir='ltr'>Gordianum</span> <span class='ocrx_word' id='word_1_184' title='bbox 796 1927 1016 1974; x_wconf 88' lang='lat' dir='ltr'>seniorem</span> <span class='ocrx_word' id='word_1_185' title='bbox 1051 1929 1369 1992; x_wconf 52' lang='lat' dir='ltr'>Augustis-ul-</span> 
     </span>
     <span class='ocr_line' id='line_1_26' title="bbox 71 1999 1368 2062; baseline 0.005 -17"><span class='ocrx_word' id='word_1_186' title='bbox 71 2011 168 2046; x_wconf 79' lang='lat' dir='ltr'>tum</span> <span class='ocrx_word' id='word_1_187' title='bbox 192 1999 250 2047; x_wconf 86' lang='lat' dir='ltr'>fic</span> <span class='ocrx_word' id='word_1_188' title='bbox 274 2000 624 2062; x_wconf 65' lang='lat' dir='ltr'>repraesentasse,</span> <span class='ocrx_word' id='word_1_189' title='bbox 646 2014 696 2047; x_wconf 86' lang='lat' dir='ltr'>ut</span> <span class='ocrx_word' id='word_1_190' title='bbox 721 2003 770 2049; x_wconf 85' lang='lat'>&amp;</span> <span class='ocrx_word' id='word_1_191' title='bbox 793 2017 984 2059; x_wconf 86' lang='lat' dir='ltr'>vocem,</span> <span class='ocrx_word' id='word_1_192' title='bbox 1010 2003 1060 2049; x_wconf 88' lang='lat'>&amp;</span> <span class='ocrx_word' id='word_1_193' title='bbox 1084 2019 1258 2050; x_wconf 82' lang='lat' dir='ltr'>morem</span> <span class='ocrx_word' id='word_1_194' title='bbox 1275 2040 1287 2062; x_wconf 88' lang='lat'>‚</span> <span class='ocrx_word' id='word_1_195' title='bbox 1316 2006 1368 2052; x_wconf 74' lang='grc' dir='ltr'>δε</span> 
     </span>
     <span class='ocr_line' id='line_1_27' title="bbox 74 2072 1371 2134; baseline 0.004 -16"><span class='ocrx_word' id='word_1_196' title='bbox 74 2072 277 2119; x_wconf 78' lang='lat' dir='ltr'>staturam</span> <span class='ocrx_word' id='word_1_197' title='bbox 307 2072 501 2134; x_wconf 79' lang='lat' dir='ltr'>ejusdem</span> <span class='ocrx_word' id='word_1_198' title='bbox 531 2074 752 2121; x_wconf 85' lang='lat' dir='ltr'>ostentare</span> <span class='ocrx_word' id='word_1_199' title='bbox 775 2074 1030 2122; x_wconf 82' lang='lat' dir='ltr'>videretur:</span> <span class='ocrx_word' id='word_1_200' title='bbox 1051 2072 1192 2121; x_wconf 81' lang='lat' dir='ltr'>fliium</span> <span class='ocrx_word' id='word_1_201' title='bbox 1223 2094 1338 2123; x_wconf 85' lang='lat' dir='ltr'>vero</span> <span class='ocrx_word' id='word_1_202' title='bbox 1355 2115 1371 2134; x_wconf 85' lang='lat'><strong><em>‚</em></strong></span> 
     </span>
     <span class='ocr_line' id='line_1_28' title="bbox 73 2144 1371 2212; baseline 0.004 -20"><span class='ocrx_word' id='word_1_203' title='bbox 73 2144 294 2207; x_wconf 61' lang='lat' dir='ltr'>Pompeio</span> <span class='ocrx_word' id='word_1_204' title='bbox 342 2147 613 2205; x_wconf 72' lang='lat' dir='ltr'>simillimum</span> <span class='ocrx_word' id='word_1_205' title='bbox 656 2147 832 2194; x_wconf 85' lang='lat' dir='ltr'>visum:</span> <span class='ocrx_word' id='word_1_206' title='bbox 872 2147 1082 2211; x_wconf 78' lang='lat' dir='ltr'>quamvis</span> <span class='ocrx_word' id='word_1_207' title='bbox 1127 2150 1371 2212; x_wconf 70' lang='lat' dir='ltr'>Pompeius</span> 
     </span>
     <span class='ocr_line' id='line_1_29' title="bbox 74 2219 1368 2284; baseline 0.003 -19"><span class='ocrx_word' id='word_1_208' title='bbox 74 2220 196 2265; x_wconf 75' lang='lat' dir='ltr'>obesi</span> <span class='ocrx_word' id='word_1_209' title='bbox 235 2219 442 2282; x_wconf 82' lang='lat' dir='ltr'>corporis</span> <span class='ocrx_word' id='word_1_210' title='bbox 483 2220 609 2267; x_wconf 79' lang='lat' dir='ltr'>fuiffe</span> <span class='ocrx_word' id='word_1_211' title='bbox 642 2220 900 2284; x_wconf 79' lang='lat' dir='ltr'>denegetur.</span> <span class='ocrx_word' id='word_1_212' title='bbox 937 2236 1150 2284; x_wconf 79' lang='lat' dir='ltr'>nepotem</span> <span class='ocrx_word' id='word_1_213' title='bbox 1189 2237 1368 2282; x_wconf 85' lang='lat' dir='ltr'>autem,</span> 
     </span>
     <span class='ocr_line' id='line_1_30' title="bbox 74 2290 1370 2358; baseline 0.004 -18"><span class='ocrx_word' id='word_1_214' title='bbox 74 2290 202 2351; x_wconf 55' lang='lat' dir='ltr'>cuiue,</span> <span class='ocrx_word' id='word_1_215' title='bbox 223 2293 355 2339; x_wconf 83' lang='lat' dir='ltr'>etiam</span> <span class='ocrx_word' id='word_1_216' title='bbox 376 2309 497 2339; x_wconf 87' lang='lat' dir='ltr'>nunc</span> <span class='ocrx_word' id='word_1_217' title='bbox 518 2294 723 2340; x_wconf 84' lang='lat' dir='ltr'>videmus</span> <span class='ocrx_word' id='word_1_218' title='bbox 742 2295 986 2358; x_wconf 84' lang='lat' dir='ltr'>imagines,</span> <span class='ocrx_word' id='word_1_219' title='bbox 1003 2296 1229 2357; x_wconf 69' lang='lat' dir='ltr'>Scipionis</span> <span class='ocrx_word' id='word_1_220' title='bbox 1249 2300 1370 2345; x_wconf 67' lang='lat' dir='ltr'>Asia-</span> 
     </span>
     <span class='ocr_line' id='line_1_31' title="bbox 74 2364 1368 2429; baseline 0.005 -18"><span class='ocrx_word' id='word_1_221' title='bbox 74 2364 149 2411; x_wconf 86' lang='lat' dir='ltr'>tici</span> <span class='ocrx_word' id='word_1_222' title='bbox 181 2364 337 2412; x_wconf 74' lang='lat' dir='ltr'>faciem</span> <span class='ocrx_word' id='word_1_223' title='bbox 368 2364 576 2412; x_wconf 71' lang='lat' dir='ltr'>retulisse.</span> <span class='ocrx_word' id='word_1_224' title='bbox 611 2367 738 2429; x_wconf 83' lang='lat' dir='ltr'>quod</span> <span class='ocrx_word' id='word_1_225' title='bbox 763 2383 847 2429; x_wconf 88' lang='lat' dir='ltr'>pro</span> <span class='ocrx_word' id='word_1_226' title='bbox 881 2366 945 2412; x_wconf 88' lang='lat' dir='ltr'>sui</span> <span class='ocrx_word' id='word_1_227' title='bbox 980 2367 1277 2417; x_wconf 80' lang='lat' dir='ltr'>admiratione</span> <span class='ocrx_word' id='word_1_228' title='bbox 1303 2383 1368 2419; x_wconf 85' lang='lat' dir='ltr'>ta-</span> 
     </span>
     <span class='ocr_line' id='line_1_32' title="bbox 73 2439 699 2487; baseline -0.002 0"><span class='ocrx_word' id='word_1_229' title='bbox 73 2441 268 2487; x_wconf 84' lang='lat' dir='ltr'>cendum</span> <span class='ocrx_word' id='word_1_230' title='bbox 294 2439 378 2487; x_wconf 83' lang='lat' dir='ltr'>effe</span> <span class='ocrx_word' id='word_1_231' title='bbox 398 2455 494 2486; x_wconf 87' lang='lat' dir='ltr'>non</span> <span class='ocrx_word' id='word_1_232' title='bbox 516 2441 699 2487; x_wconf 75' lang='lat' dir='ltr'>credidi.</span> 
     </span>
    </p>
   </div>
   <div class='ocr_carea' id='block_1_3' title="bbox 391 2556 611 2573">
    <p class='ocr_par' dir='ltr' id='par_1_4' title="bbox 391 2556 611 2573">
     <span class='ocr_line' id='line_1_33' title="bbox 391 2556 611 2573; baseline 0 212"><span class='ocrx_word' id='word_1_233' title='bbox 391 2556 611 2573; x_wconf 95' lang='lat' dir='ltr'> </span> 
     </span>
    </p>
   </div>
  </div>
 </body>
</html>
