1637 2785
244 149 615 198 PERTINAX
653 150 1102 197 IMPERATOR.
1242 167 1329 213 127

45 259 216 321 semper
248 256 471 314 interfuit,
499 273 552 304 ac
589 258 758 319 semper
798 257 969 320 aliquid
1006 256 1173 304 retulit.
1202 258 1330 304 Civi-

43 332 130 376 lem
163 330 203 376 se
235 329 521 374 salutantibus
551 331 599 376 ὅ(
624 329 1011 390 interpellantibus
1040 329 1211 392 semper
1246 346 1329 375 ex-

41 402 199 448 hibuit.
225 402 340 457 Eos,
364 401 441 462 qui
467 400 700 446 calumniis
728 400 912 461 appetiti
945 416 1023 461 per
1048 400 1202 448 servos
1231 400 1330 447 fue-

46 487 169 530 rant,
192 473 408 520 damnatis
433 473 571 520 servis
593 473 895 530 delatoribus,
912 473 1148 529 liberavit;
1165 475 1210 520 in
1233 493 1329 522 cru-

44 563 139 594 cem
168 545 347 592 sublatis
372 545 530 592 talibus
563 545 726 593 servis:
753 545 931 608 aliquos
961 545 1095 592 etiam
1121 561 1328 595 mortuos

47 618 314 666 vindicavit.

129 693 189 738 X.
223 691 398 738 Insidias
426 691 599 754 paravit
629 691 669 738 ei
697 691 858 748 Falco,
891 691 1053 740 volens
1085 691 1326 754 imperare:

45 765 100 811 de
126 779 220 827 quo
246 764 516 828 conquestus
544 766 604 811 est
628 765 674 810 in
693 766 873 812 Senatu.
897 765 1023 827 quod
1046 765 1225 828 quidem
1251 766 1329 812 Se-

44 851 175 885 natus
206 840 409 886 credidit.
435 841 561 887 Dum
594 841 672 886 fibi
699 842 881 904 quidam
907 841 1059 888 servus
1076 876 1087 897 ,
1109 841 1227 903 quasi
1251 845 1329 887 Fa-

44 912 132 957 biae
159 911 263 960 esset
290 911 433 969 filius,
457 929 511 959 ex
538 912 719 973 Cejonii
745 913 992 960 Commodi
1024 912 1189 960 familia
1206 949 1219 972 ,
1251 915 1329 960 Pa-

46 984 224 1030 latinam
271 986 456 1031 domum
501 985 691 1032 ridicule
741 985 1032 1041 vindicaffet3
1084 986 1326 1048 cognitus,

43 1054 181 1116 jussus
211 1055 271 1101 est
303 1055 487 1119 flagellis
517 1057 651 1102 caesus
678 1057 869 1104 domino
900 1056 1082 1104 restitui.
1113 1060 1162 1104 In
1198 1059 1329 1119 cujus

45 1130 243 1176 vindici-a
275 1131 343 1187 hi,
375 1131 452 1193 qui
481 1132 671 1176 oderant
705 1131 1009 1191 Pertinacem,
1043 1132 1329 1178 occasionem

45 1201 274 1248 seditionis
294 1202 513 1248 invenisse
533 1202 760 1248 dicuntur.
787 1202 969 1250 Falconi
995 1214 1142 1249 tamen
1171 1219 1329 1267 peper-

45 1274 140 1332 cit,
167 1277 216 1321 &
242 1291 267 1321 a
293 1275 456 1321 Senatu
485 1273 795 1337 impunitatem
817 1273 910 1334 ejus
939 1274 1078 1337 petiit.
1112 1274 1330 1338 Denique

46 1348 180 1395 Falco
205 1348 250 1394 in
280 1349 409 1395 rebus
449 1348 536 1395 suis
566 1348 744 1395 securus
776 1349 920 1405 vixit,
957 1350 1006 1395 &
1039 1349 1200 1394 herede
1229 1347 1328 1395 filio

45 1420 205 1482 periit:
233 1419 443 1484 quamvis
466 1420 595 1466 multi
624 1420 865 1467 Falconem
894 1422 1075 1468 nescisse
1104 1422 1327 1479 dixerint,

44 1494 281 1556 imperium
312 1494 391 1540 sibi
419 1494 578 1556 parari.
600 1494 675 1540 alii
697 1494 828 1540 etiam
854 1511 877 1540 a
901 1494 1067 1550 servis,
1089 1494 1166 1556 qui
1189 1496 1327 1541 ratio·

42 1583 121 1613 nes
140 1567 515 1624 intervenerant,
533 1566 648 1615 fallis
672 1567 938 1616 testimoniis
956 1569 1202 1631 appetitum
1223 1588 1326 1618 eum

43 1640 128 1687 effe
147 1636 374 1688 dixerunt.
395 1642 479 1688 Sed
497 1642 720 1689 Pertinaci
745 1641 882 1689 factio
905 1657 1144 1707 praeparata
1164 1644 1226 1691 est
1248 1661 1326 1708 per

42 1717 215 1761 Laetum
246 1715 501 1761 Praefeastum
533 1715 758 1775 praetorii,
789 1718 839 1763 δέ
861 1733 965 1773 eos,
989 1733 1104 1779 quos
1124 1717 1325 1765 Pertina-

42 1788 106 1835 cis
138 1787 425 1835 sanilimonia
457 1787 718 1835 offenderat.
750 1791 919 1835 Laetum
947 1788 1067 1834 enim
1096 1789 1323 1852 poenitue-

41 1873 134 1919 rat,
159 1862 284 1924 quod
317 1865 629 1922 Imperatorem
663 1859 828 1907 fecerat
859 1861 1161 1919 Pertinacem,
1191 1861 1323 1910 idcir-

42 1951 129 1992 co,
159 1935 262 1997 quia
286 1952 388 1981 eum
424 1934 549 1981 velut
577 1934 756 1980 stultum
790 1933 1094 1981 intimatorem
1126 1936 1323 1981 nonnul-

41 2007 183 2053 larum
213 2024 362 2054 rerum
392 2006 758 2069 reprehendebat.
785 2009 939 2053 Grave
972 2020 1183 2069 praeterea
1210 2008 1323 2055 mili·

42 2079 160 2127 tibus
193 2081 336 2127 visum
356 2117 369 2139 ,
402 2082 527 2144 quod
551 2081 598 2127 in
630 2080 757 2128 causa
792 2080 1000 2128 Falconis
1032 2081 1201 2128 multos
1235 2082 1323 2128 mi-

40 2153 140 2201 lites
158 2156 215 2201 ad
232 2155 364 2201 unius
391 2155 507 2202 servi
530 2155 837 2202 testimonium
860 2154 1008 2203 occidi
1035 2167 1323 2219 praeceperat.

107 2228 190 2274 XI.
219 2228 431 2274 Trecenti
459 2228 594 2291 igitur
616 2230 670 2274 de
694 2229 846 2278 castris
871 2229 1025 2278 armati
1051 2230 1105 2275 ad
1129 2229 1322 2290 imper-a-

40 2300 182 2346 torias
211 2301 324 2346 aedes
352 2317 499 2347 cuneo
529 2300 647 2347 fafito
670 2301 834 2348 milites
860 2318 1042 2350 venere.
1067 2302 1229 2347 Eadem
1256 2316 1322 2347 ta-

38 2390 144 2420 ·men
175 2374 246 2418 die
287 2373 548 2420 immolante
584 2374 843 2428 Pertinace,
882 2389 1069 2437 negatur
1103 2373 1148 2420 in
1180 2373 1322 2421 hostia

44 2460 126 2491 cor
154 2459 399 2507 repertum:
432 2447 479 2493 &
503 2463 605 2494 cum
632 2446 678 2493 id
712 2447 850 2493 vellet
876 2462 1117 2508 procurare
1137 2481 1150 2504 ,
1187 2458 1322 2508 caput
