1637 2785
280 142 541 191 Divus
589 140 1132 190 AUREMANUS.
1264 147 1361 204 '¹55'

150 252 220 297 Ill.
239 252 372 298 Acne
391 248 528 294 multa
554 249 601 293 &
623 246 787 294 frivola
807 246 1042 308 prooemiis
1059 244 1227 292 odiosis
1246 243 1361 291 inte-

86 343 186 372 xam
206 362 217 379 ‚
242 328 388 370 Divus
410 323 671 368 Aurelianus·
689 335 842 378 ortus,
859 333 906 367 ut
925 321 1071 382 plures
1086 320 1362 382 loquuntur,

86 398 232 443 Sirmii
251 431 263 451 ‚
293 394 456 440 familia
486 394 777 439 obscuriore:
811 406 857 438 ut
889 392 1120 449 nonnulli,
1141 391 1283 438 Dacia
1303 391 1364 437 ri·

89 468 221 528 pensi.
243 469 336 527 Ego
365 481 507 510 autem
529 465 672 526 legisse
697 463 879 510 memini
898 465 1121 510 auctorem
1136 499 1148 520 ‚
1168 465 1246 527 qui
1262 479 1365 510 eum

90 539 250 586 Moesia
281 539 474 601 genitum
505 538 776 599 praedicaret.
803 537 855 581 Et
887 536 1037 583 evenit
1075 537 1254 599 quidem
1275 571 1287 593 ‚
1318 546 1370 582 ut

90 613 144 658 de
175 626 333 658 eorum
362 613 563 656 virorum
590 611 767 673 genitali
799 609 896 655 solo
916 609 1163 665 nesciatur,
1188 610 1264 671 qui
1285 610 1368 656 hit-

91 684 263 731 miliori
292 684 399 730 loco
438 684 556 741 nati„
585 686 844 745 plerumque
869 683 1012 728 solum
1042 682 1230 745 genitale
1256 698 1369 727 con-

92 757 295 821 fingunt,
320 770 367 803 ut
393 758 498 803 dent
527 757 772 816 posteritati
801 757 855 803 de
885 757 1096 803 locorum
1132 755 1370 816 splendore

95 829 330 893 fulgorem.
358 847 441 877 nec
470 843 615 876 tamen
643 847 907 893 magnorum
931 829 1185 890 Principum
1219 827 1370 872 virtu-

92 903 213 949 tibus
245 902 408 949 summa
438 902 601 950 sciendi
632 902 691 948 est
713 940 725 956 ‚
756 902 835 948 ubi
871 901 1054 964 quisque
1087 900 1138 946 fit
1165 900 1337 962 genitus
1356 932 1372 954 ,

95 977 167 1023 sed
193 978 331 1039 qualis
365 977 410 1023 in
437 976 666 1038 republica
698 976 843 1022 fuerit.
877 977 947 1022 An
975 975 1204 1020 Platonem
1234 971 1374 1035 magis

98 1052 412 1108 commendat,
437 1051 559 1113 quod
586 1048 866 1096 Atheniensis
894 1047 1059 1103 fuerit,
1083 1063 1215 1108 quam
1249 1043 1375 1106 quod

97 1126 282 1171 unicum
311 1124 533 1184 sapientiae
562 1139 721 1168 munus
747 1119 970 1166 illuxerit?
992 1121 1060 1165 An
1092 1135 1148 1165 eo
1178 1118 1377 1164 minores

98 1196 395 1242 inveniuntur
436 1193 694 1241 Aristoteles
729 1193 932 1255 Stagirita
953 1227 966 1248 ‚
1003 1190 1259 1253 Eleatesque
1294 1189 1380 1234 Ze-

101 1284 196 1314 non
212 1299 226 1322 ,
251 1279 324 1313 aut
353 1265 612 1314 Anacharfis
636 1264 799 1328 Scytha
815 1300 828 1320 ‚
849 1263 974 1326 quod
996 1263 1042 1309 in
1071 1262 1264 1308 minimis
1286 1259 1378 1306 nati

99 1339 202 1386 sunt
229 1340 416 1396 viculis,
452 1356 553 1386 cum
588 1338 692 1384 illos
718 1339 771 1385 ad
794 1338 962 1385 coelum
995 1336 1143 1384 omnis
1173 1334 1381 1399 philoso-

101 1413 219 1476 phiae
253 1413 398 1459 virtus
434 1410 686 1458 extulerit?

183 1489 260 1533 IV.
289 1490 439 1547 Atque
474 1499 522 1532 ut
555 1487 609 1532 ad
643 1484 848 1530 ordinem
881 1484 1085 1540 redeam,
1116 1482 1381 1529 Aurelianus

104 1557 297 1618 modicis
331 1570 457 1602 ortus
485 1556 738 1618 parentibus
758 1590 772 1612 ,
808 1572 831 1600 a
862 1555 1002 1617 prima
1032 1567 1160 1600 aetate
1197 1553 1383 1616 ingenio

105 1629 405 1676 vivaciffimus
421 1665 433 1687 ‚
455 1630 625 1675 viribus
648 1630 813 1687 clarus,
835 1628 1002 1674 nullum
1032 1645 1229 1690 unquam
1264 1627 1384 1673 diem

108 1701 384 1764 praetermisit
402 1736 415 1758 ,
435 1701 639 1763 quamvis
674 1701 826 1747 festum
841 1737 855 1759 ,
880 1700 1085 1763 quamvis
1114 1711 1345 1757 vacantem
1367 1733 1384 1757 ,

106 1790 201 1838 quo
239 1790 333 1820 non
374 1774 414 1820 se
455 1774 549 1836 pilo
587 1776 636 1821 &
671 1774 835 1837 sagittis
873 1772 1116 1834 ceterisque
1154 1788 1385 1818 armorum

110 1861 338 1894 exerceret
364 1847 540 1894 officiis.
563 1850 752 1894 Matrem
792 1847 971 1912 quidem
998 1846 1090 1906 ejus
1123 1848 1388 1894 Callicrates

108 1919 307 1983 Tyrius,
337 1921 603 1966 Graecorum
630 1920 762 1982 longe
781 1919 1054 1966 docliflimus
1078 1919 1296 1981 scriptor,
1327 1920 1388 1965 sa-

111 1994 342 2039 cerdotem
366 1992 519 2054 templi
550 1992 666 2039 Solis
682 2028 695 2051 ,
716 1993 763 2038 in
786 2009 842 2039 eo
867 1991 976 2038 vico
992 2027 1006 2049 ‚
1027 1992 1071 2038 in
1096 2007 1190 2053 quo
1220 1991 1388 2037 habita-

111 2067 221 2114 bant
268 2078 502 2127 parentes,
539 2064 663 2112 fuiffe
707 2064 828 2112 dicit.
869 2063 1064 2111 habuiss'e
1103 2062 1214 2126 quin
1256 2061 1390 2108 etiam

113 2139 405 2186 nonniliilum
421 2138 712 2186 divinationis
726 2175 739 2197 ‚
756 2140 868 2185 adeo
895 2151 942 2185 ut
965 2137 1208 2200 aliquando
1228 2136 1392 2182 marito

113 2213 195 2260 suo
224 2211 403 2275 jurgans
435 2211 683 2274 ingesserit,
711 2228 811 2259 cum
845 2209 938 2271 ejus
973 2213 1022 2259 &
1059 2209 1283 2256 stultitiam
1323 2208 1392 2254 in-

116 2301 315 2346 creparet
350 2285 400 2332 &
440 2284 684 2338 vilitatem,
713 2288 786 2331 En
821 2286 1082 2345 Imperatoris
1119 2297 1393 2344 pavefacere

111 2373 213 2420 quo
231 2356 426 2414 constat,
447 2356 566 2406 illam
588 2356 819 2404 mulierem
841 2357 958 2404 sciffe
987 2356 1152 2403 fatalia.
1178 2356 1294 2401 Idem
1325 2354 1394 2401 di-

119 2429 216 2487 cit,
260 2428 460 2493 auspicia,
487 2429 664 2493 imperii
699 2430 943 2478 Aureliano
980 2431 1076 2478 haec
1120 2427 1259 2478 fuiffe.
1299 2426 1393 2492 pri-
