1637 2785
245 174 310 220 M.
359 167 530 216 ANT.
577 161 1176 211 PHILOSOPHUS.
1283 173 1332 222 53

118 281 177 328 V.
209 280 290 325 His
321 277 380 322 ita
410 274 452 320 se
482 271 777 325 habentibus,
800 285 901 315 cum
930 267 1031 330 post
1053 267 1226 313 obitum
1252 268 1339 312 Lu-

54 352 114 400 cii
138 349 318 397 Caesaris
352 344 604 393 Hadrianus
633 341 927 389 successorem
965 338 1139 400 imperii
1171 354 1340 401 quaere·

54 438 154 481 ret,
181 439 262 470 nec
300 420 488 466 idoneus
513 452 526 474 ,
568 427 724 477 utpote
764 414 918 459 decem
958 413 1008 458 ὃ(
1051 411 1156 456 osto
1198 425 1343 458 annos

55 513 220 562 agens,
249 496 430 541 Marcus
471 490 745 542 habet-etum
784 486 932 533 amitae
973 483 1117 530 Marci
1158 483 1306 529 virum
1328 517 1345 540 ,

53 568 340 617 Antoninum
373 565 526 621 Pium,
559 561 807 608 Hadrianus
841 575 890 606 ea
920 558 1014 619 lege
1044 557 1091 601 in
1131 554 1341 616 adoptio-

52 659 156 690 nem
184 640 315 704 legit,
339 650 387 685 ut
412 637 489 684 fibi
522 639 725 683 Marcum
755 633 860 679 Pius
888 632 1152 692 adoptaret:
1184 628 1246 674 ita
1277 640 1341 673 ta-

56 733 188 773 men,
219 727 268 762 ut
293 715 342 761 &
375 716 553 759 Marcus
573 709 653 757 fibi
675 707 863 755 Lucium
894 701 1203 752 Commodum
1232 692 1339 746 ado-

56 801 214 853 ptaret.
246 790 362 834 Sane
395 801 444 832 ea
478 783 577 840 die,
601 799 689 846 qua
720 780 957 840 adoptatus
985 775 1046 822 est
1067 811 1080 832 ‚
1108 776 1252 819 Verus
1295 771 1341 817 in

55 861 223 910 somnis
251 861 293 908 se
320 860 534 906 humeros
562 856 787 903 eburneos
815 851 978 898 habere
1014 847 1130 894 vidit
1157 863 1167 893 :
1198 843 1344 892 scisci-

55 932 256 996 tatusque
270 967 284 989 ,
305 947 360 977 an
382 928 476 991 apti
500 926 637 974 essent
659 923 790 972 oneri
812 920 1008 969 ferundo
1025 953 1038 977 ,
1060 917 1193 964 solito
1214 932 1344 978 repe-

55 1004 113 1051 rit
140 1003 369 1050 fortiores.
398 999 491 1047 Ubi
516 1012 661 1044 autem
695 993 944 1056 comperit,
969 990 1010 1037 se
1037 990 1090 1037 ab
1114 988 1343 1035 Hadriano

57 1078 317 1140 adoptatum
332 1111 347 1134 ,
366 1073 505 1137 magis
525 1071 587 1118 est
610 1068 864 1124 deterritus,
887 1081 1018 1129 quam
1042 1063 1212 1108 laetatus
1227 1077 1238 1106 ι
1255 1057 1345 1120 jus-

57 1151 213 1214 susque
240 1150 285 1196 in
310 1145 522 1195 Hadriani
550 1143 772 1207 privatam
804 1140 988 1186 domum
1018 1136 1236 1198 migrare,
1271 1132 1344 1178 in-

57 1225 178 1271 vitus
213 1224 267 1270 de
294 1219 505 1268 maternis
546 1216 690 1264 hortis
717 1213 906 1261 receffit.
936 1212 1145 1271 Cumque
1191 1206 1246 1253 ab
1286 1220 1344 1251 eo

58 1295 290 1344 domestici
309 1305 589 1357 quaererent,
608 1310 678 1337 cur
692 1291 815 1357 tristis
838 1291 883 1333 in
908 1287 1174 1346 adoptionem
1191 1283 1345 1343 regiam

57 1370 278 1435 transtra?
296 1365 563 1431 disputavit,
586 1382 671 1426 quae
693 1364 872 1408 malain
890 1360 941 1420 fi
969 1360 1189 1405 contineret
1213 1358 1340 1415 impe-

59 1449 180 1493 rium.
207 1445 344 1492 Tunc
368 1441 559 1503 primum
579 1456 666 1501 pro
692 1436 847 1484 Annio
867 1433 1074 1480 Aurelius
1101 1429 1243 1492 coepit
1260 1443 1346 1476 vo-

60 1518 184 1576 cari,
212 1516 338 1580 quod
366 1516 413 1561 in
443 1512 667 1560 Aureliam
690 1547 704 1568 ,
735 1511 828 1558 hoc
856 1507 918 1555 est
946 1504 1202 1559 Antonini,
1236 1502 1350 1549 ado-

60 1589 232 1654 ptionis
250 1588 348 1649 jure
360 1586 584 1635 transisset.
604 1580 968 1632 Offiwodecioeo
984 1594 1094 1641 ergo
1111 1574 1252 1623 aetatis
1269 1589 1348 1619 an·

63 1678 128 1709 no
165 1662 440 1722 adoptatus,
477 1660 521 1704 in
555 1657 754 1705 secundo
792 1653 1046 1701 Consulatu
1088 1646 1353 1702 Antonini,

63 1735 151 1799 jam
182 1734 317 1798 patris
346 1732 437 1791 sui,
468 1730 700 1777 Hadriano
730 1729 922 1784 ferente,
947 1723 1084 1789 gratia
1115 1720 1255 1768 aetatis
1285 1717 1352 1764 fa·

65 1809 158 1864 eta,
187 1804 403 1866 Quaestor
439 1803 498 1850 est
524 1802 786 1866 designatus.
812 1795 1139 1860 adoptatusque
1165 1794 1213 1840 in
1238 1790 1355 1839 auli-

64 1897 163 1928 cam
190 1879 405 1934 domum,
427 1875 640 1924 omnibus
675 1872 934 1938 parentibus
962 1869 1046 1916 suis
1075 1879 1243 1915 tantam
1281 1881 1355 1911 re·

65 1952 353 2012 verendam,
389 1962 601 2014 quantam
639 1949 872 2011 privatus,
915 1941 1134 1990 exhibuit.
1171 1951 1358 2000 eratque

67 2025 186 2072 haud
211 2025 337 2071 secus
363 2022 427 2069 rei
444 2021 556 2081 suae,
576 2038 710 2085 quam
730 2019 775 2066 in
802 2015 976 2080 private¹
999 2014 1141 2060 domo
1158 2045 1173 2069 ,
1197 2023 1362 2074 parcus

69 2114 123 2145 ac
143 2096 365 2161 diligens;
395 2110 481 2157 pro
512 2093 717 2141 instituto
751 2087 890 2154 patris
921 2085 1084 2134 volens
1118 2097 1275 2147 agere,
1296 2078 1362 2125 di-

70 2185 172 2218 cere
191 2205 205 2226 ,
237 2168 452 2231 cogitare.

156 2244 234 2288 VI.
269 2239 501 2287 Hadriano
525 2236 642 2299 Baiis
671 2235 906 2293 absumto,
935 2248 1037 2281 cum
1067 2228 1170 2277 Pius
1201 2226 1257 2275 ad
1285 2225 1364 2271 ad-

73 2314 301 2372 vehendas
323 2312 418 2375 eius
441 2312 652 2376 reliquias
669 2309 774 2358 effet
794 2305 1021 2372 profePtus
1037 2339 1049 2362 ,
1070 2302 1249 2350 relistus
1266 2299 1363 2345 Ro-

79 2409 164 2441 mae
181 2428 195 2449 ,
214 2407 306 2439 avo
333 2389 444 2451 justa
462 2387 694 2450 implevit:
716 2386 764 2432 &
793 2382 1118 2448 gladiatorum,
1134 2373 1256 2438 quasi
1277 2371 1365 2436 pri-

82 2476 231 2525 vatuS,
247 2461 458 2524 Quaestor
473 2460 609 2509 edidit
629 2474 807 2506 munus.
825 2453 927 2503 Post
945 2448 1169 2500 excefl‘um
1182 2445 1366 2494 Hadria-
