1637 2785
287 138 647 196 ANTONINUS
683 138 1159 187 HELIOGABALUS.
1281 153 1335 200 23
1350 157 1371 202 3

96 260 221 305 rent,
245 261 294 295 ut
330 246 486 294 e'orum
516 246 856 293 conditionibus
887 247 974 293 frui
1014 248 1170 310 posset.
1206 249 1381 310 Agebat

96 334 309 384 praeterea
344 320 467 366 domi
496 317 687 365 fabulam
716 319 881 382 Paridis
900 355 911 373 ‚
940 319 1031 381 ipse
1059 321 1249 366 Veneris
1283 338 1381 382 per-

98 396 250 442 sonam
274 394 476 451 subiens,
496 392 555 439 ita
583 405 631 439 ut
658 393 804 439 subito
825 394 964 440 v‘estes
984 395 1039 440 ad
1060 396 1189 456 pedes
1212 396 1382 443 deflue-

98 480 225 522 rent,
256 465 516 526 nudusque‚
557 481 643 511 una
678 482 810 511 manu
847 466 901 511 ad
941 483 1207 524 mammam,
1248 469 1383 515 altera

97 538 313 601 pudendis
333 538 526 584 adhibita
540 574 551 595 ,
566 537 911 600 ingenicularet,
930 538 1253 600 posterioribus
1274 541 1382 586 emi-

99 610 306 657 nentibus
324 610 368 656 in
390 610 663 659 subactorem
683 609 851 671 rejeclis
872 611 921 658 &
942 610 1173 672 oppositis.
1194 612 1381 658 Vultum

100 699 310 746 praeterea
326 684 609 746 eodem,qu0
630 686 781 731 Venus
802 684 1012 748 pingitur,
1030 684 1247 732 schemate
1265 685 1382 748 figu-

99 759 252 812 rabat,
282 772 477 817 corpore
508 769 611 802 toto
642 758 899 819 expolitus:
922 773 1023 803 eum
1053 757 1241 803 frustum
1276 759 1383 804 vitae

100 828 378 892 praecipuum
401 828 678 884 existimans,
700 830 727 876 fi
753 829 910 893 dignus
936 840 1068 893 atque
1088 842 1215 892 aptus
1232 829 1384 877 libidi-

103 901 148 948 ni
178 901 473 962 plurimorum
506 901 745 947 videretur.

168 977 244 1024 Vl.
268 976 544 1023 Vendidit&
561 975 778 1034 honores,
796 977 845 1023 &
865 975 1117 1040 dignitates,
1134 978 1182 1024 &
1195 974 1384 1038 potesta·

101 1061 218 1106 tem,
242 1061 330 1095 tam
355 1065 432 1110 per
454 1049 522 1107 se,
540 1067 671 1113 quam
694 1067 771 1111 per
792 1067 950 1097 omnes
977 1050 1128 1097 servos
1155 1067 1205 1096 ac
1232 1048 1386 1096 libidi-

103 1139 210 1173 num
251 1122 489 1168 ministros.
525 1123 574 1167 In
613 1124 821 1169 Senatum
862 1122 966 1184 legit
1005 1122 1094 1168 fine
1133 1121 1385 1169 discrimine

105 1192 273 1251 aetatis,
299 1193 478 1253 census,
499 1194 699 1256 generis,
722 1195 925 1256 pecuniae
952 1195 1146 1243 merito:
1181 1193 1385 1240 militari-

106 1265 190 1312 bus
206 1265 336 1312 etiam
360 1267 685 1326 praepolituri5‚
701 1268 750 1314 ὅ(
772 1268 1071 1314 tribunatibus
1086 1304 1101 1324 ,
1119 1268 1169 1315 &
1195 1266 1386 1330 legatio·

108 1338 239 1386 nibus
254 1374 266 1393 ,
287 1340 335 1385 &
352 1339 586 1386 ducatibus
608 1340 824 1397 venditis;
846 1341 975 1388 etiam
992 1340 1387 1404 procurationibus

108 1414 158 1461 &
189 1413 394 1461 Palatinis
424 1414 598 1462 officiis.
629 1416 816 1478 Aurigas
851 1416 1155 1479 protogenem
1183 1417 1232 1462 &
1263 1416 1385 1461 Gor-

108 1485 262 1543 dium,
291 1486 439 1547 primo
471 1486 515 1532 in
545 1488 788 1534 certamine
820 1488 962 1534 curuli
1002 1486 1178 1544 socios,
1209 1486 1306 1547 post
1339 1485 1387 1539 in

110 1561 238 1605 omni
275 1559 367 1606 vita
396 1561 444 1606 &
465 1560 562 1606 aElu
591 1560 829 1623 participes
859 1560 1027 1605 habuit.
1049 1559 1220 1605 Multos
1236 1595 1249 1614 ‚
1268 1574 1389 1620 quo-

95 1645 210 1684 ‘rum
231 1647 427 1693 corpora
450 1633 729 1693 placuerant,
744 1633 797 1678 de
816 1632 942 1679 scena
958 1668 971 1690 ,
995 1633 1043 1679 &
1058 1632 1198 1689 circo,
1221 1632 1270 1677 &
1291 1647 1388 1676 are-

113 1722 170 1752 na
200 1704 244 1750 in
273 1704 416 1751 aulam
442 1705 652 1751 traduxit.
681 1704 941 1751 Hieroclem
971 1720 1082 1751 vero
1114 1704 1170 1750 fic
1192 1702 1391 1761 amavit,

112 1791 162 1824 ut
201 1777 342 1825 eidem
378 1777 561 1840 inguina
598 1778 874 1833 oscularetur
896 1813 907 1834 ‚
938 1777 1063 1841 quod
1103 1777 1221 1823 dieta
1259 1775 1392 1822 etiam

113 1852 417 1903 verecundum
447 1851 507 1898 est
531 1887 546 1909 ,
567 1850 758 1898 Floralia
787 1851 905 1897 sacra
932 1850 973 1897 se
991 1850 1177 1897 afferens
1197 1850 1394 1897 celebra·

112 1941 177 1972 re.
208 1926 257 1970 In
290 1923 511 1988 virginem
548 1923 768 1970 Vestalem
799 1923 1011 1972 incestum
1043 1922 1226 1968 admisit.
1262 1923 1394 1969 Sacra

114 1997 275 2059 populi
318 1996 514 2047 Romani
556 1995 731 2043 sublatis
776 1995 1077 2059 penetralibus
1120 1993 1395 2056 profanavit.

92 2073 266 2133 >Ignem
297 2083 562 2132 perpetuum
595 2068 872 2132 exstinguere
904 2069 1066 2116 voluit.
1099 2069 1196 2116 Nec
1227 2069 1396 2114 Roma-

118 2160 197 2194 nas
225 2157 395 2193 tantum
424 2144 703 2207 exstinguere
736 2144 888 2191 voluit
912 2143 1181 2205 religiones,
1213 2142 1287 2189 sed
1318 2157 1396 2204 per

119 2218 277 2268 orbem
309 2229 439 2265 terrae
466 2234 604 2265 unum
632 2217 830 2274 studens,
854 2229 903 2263 ut
931 2215 1250 2280 Heliogabalus
1266 2216 1398 2262 Deus

117 2306 232 2340 unus
257 2290 426 2353 ubique
451 2290 703 2339 coleretur:
734 2292 784 2339 &
811 2290 858 2337 in
889 2306 1051 2352 penum
1075 2289 1243 2346 Vestae,
1273 2288 1397 2351 quod

120 2363 227 2411 solae
269 2363 468 2426 virgines
504 2363 676 2428 solique
714 2362 951 2427 pontifices
989 2364 1153 2410 adeunt
1177 2399 1192 2418 ‚
1237 2362 1398 2423 irrupit

121 2435 323 2503 pollutus
345 2435 437 2502 ipse
453 2435 578 2485 omni
596 2436 866 2500 contagione
884 2450 1062 2483 morum
1076 2469 1091 2493 ,
1108 2451 1209 2483 curn
1229 2432 1307 2493 iis,
1320 2431 1400 2496 qui
