1714 2807
310 156 406 206 294
518 140 746 189 AEntt
812 142 1416 189 LAMPR1D11··

310 248 412 311 post
453 247 559 296 duas
601 247 848 295 mansiones
887 264 1006 312 equo
1039 248 1172 296 etiam
1205 248 1412 312 fatigatus
1449 247 1587 308 esset;

312 334 529 383 carpento
557 320 783 382 imposuit.
807 321 898 368 hoc
931 335 1141 383 quoque,
1168 322 1240 367 seu
1277 320 1439 367 timore
1459 357 1475 378 ,
1511 322 1587 368 seu

311 407 418 438 vere
456 391 730 454 respuentem
754 427 767 449 ‚
805 392 1084 440 abdicantem
1122 394 1230 457 quin
1269 394 1402 440 etiam
1444 393 1589 456 impe-

312 465 456 523 rium,
481 468 531 514 &
560 466 677 514 mori
713 481 911 530 paratum
931 503 944 524 ,
975 469 1165 515 dimisit:
1199 469 1588 516 commendatum-

311 555 400 601 que
425 538 638 586 militibus
652 574 666 596 ,
684 556 709 586 a
727 539 890 603 quibus
914 541 1164 588 Alexander
1184 541 1312 588 unice
1333 544 1589 600 amabatur,

311 625 458 659 tutum
495 614 548 660 ad
580 613 706 661 villas
738 614 831 661 suas
861 614 925 660 ire
963 614 1199 676 praecepit,
1232 615 1277 660 in
1307 615 1472 677 quibus
1508 615 1588 663 diu

310 684 446 732 vixit.
478 685 548 731 sed
573 686 671 747 post
697 686 807 746 jussu
842 687 1126 748 Imperatoris
1154 685 1328 733 occisus
1347 687 1408 732 est
1429 723 1442 743 ,
1462 687 1590 749 quod

312 757 388 805 ille
407 758 606 806 militaris
631 759 758 817 esset,
781 761 830 807 &
846 777 868 806 a
886 759 1099 806 militibus
1127 772 1310 806 amatus.
1331 759 1437 806 Scio
1453 794 1466 815 ,
1491 760 1590 806 vul-

313 847 418 894 gum
442 832 554 879 hanc
572 848 662 878 rem
676 868 688 890 ‚
705 849 838 894 quam
860 831 1102 887 contexui,
1116 830 1297 890 Traiani
1316 843 1498 894 putare:
1518 829 1591 876 sed

314 921 462 967 neque
500 903 545 950 in
581 905 672 951 vita
703 903 797 965 ejus
826 903 868 950 id
900 904 1068 963 Marius
1098 903 1322 951 Maximus
1355 902 1414 949 ita
1444 919 1592 962 expo·

313 975 424 1033 suit,
445 991 588 1037 neque
606 975 764 1022 Fabius
787 975 1097 1027 Marcellinus.
1113 991 1256 1038 neque
1278 973 1477 1021 Aurelius
1499 975 1591 1019 Ve-

315 1063 414 1102 ruS,
440 1064 584 1109 neque
612 1047 772 1094 Statius
799 1047 990 1105 Valens,
1011 1048 1087 1110 qui
1115 1064 1298 1094 omnem
1324 1046 1417 1106 ejus
1453 1045 1594 1093 vitam

316 1116 362 1164 in
393 1116 539 1164 literas
560 1117 788 1165 miserunt.
817 1120 990 1165 Contra
1013 1129 1159 1164 autem
1189 1119 1238 1165 &
1263 1117 1526 1180 Septimius,
1543 1118 1596 1165 &

314 1189 535 1237 Acholius
551 1225 564 1246 ,
588 1192 636 1237 &
654 1190 917 1252 Encolpius,
942 1192 1046 1236 vitae
1063 1179 1327 1251 scriptores,
1341 1189 1594 1252 ceterique,

317 1263 370 1309 de
393 1264 482 1310 hoc
509 1264 609 1310 talia
638 1264 999 1326 praedicaverunt
1022 1282 1032 1310 :
1052 1265 1175 1326 quod
1199 1262 1302 1310 ideo
1332 1262 1477 1309 addidi
1499 1297 1513 1318 ,
1539 1278 1596 1310 ne

318 1337 418 1399 quis
455 1338 577 1401 vulgi
612 1338 746 1401 magis
786 1336 945 1383 famam
987 1336 1266 1398 sequeretur,
1293 1353 1424 1398 quam
1453 1335 1596 1381 histo-

320 1409 459 1465 riam,
487 1425 586 1471 quae
611 1424 789 1455 rumore
815 1410 968 1472 utique
999 1408 1123 1471 vulgi
1157 1408 1311 1454 verior
1332 1407 1563 1470 reperitur.

382 1482 550 1530 XLIX.
576 1483 787 1527 Honores
811 1479 917 1541 juris
936 1480 1068 1542 gladii
1090 1496 1317 1541 nunquam
1347 1479 1481 1528 vendi
1500 1480 1597 1541 pas-

317 1553 387 1602 sus
415 1554 475 1600 est
493 1590 508 1613 ,
529 1554 680 1601 dicens
695 1588 708 1609 ,
726 1553 884 1616 Neceffi
909 1555 982 1620 est,
1002 1569 1047 1598 ut
1068 1554 1138 1613 qui
1162 1556 1258 1598 emit
1276 1586 1288 1607 ‚
1309 1556 1475 1598 vendat.
1498 1556 1594 1614 Ego

317 1646 404 1673 non
431 1630 578 1689 patiar
604 1642 838 1672 mercatores
854 1627 1095 1692 potestatum
1117 1644 1134 1670 .·
1159 1642 1259 1685 quos
1265 1624 1315 1688 st
1323 1627 1494 1684 patiar,
1514 1628 1598 1670 da-

319 1719 459 1746 mnare
484 1719 568 1745 non
590 1700 754 1762 pqffim.
775 1700 977 1759 Erubesco
1006 1701 1112 1743 enim
1135 1700 1284 1758 punire
1318 1700 1437 1742 illum
1463 1698 1596 1741 homi-

320 1790 413 1818 nem
430 1806 440 1825 ,
458 1773 527 1830 qui
554 1774 650 1816 emit
665 1806 677 1826 ‚
700 1767 741 1815 Cr
755 1771 910 1816 vendit.
935 1766 1223 1816 Pontificatus
1243 1769 1292 1814 ὅ(
1314 1766 1598 1829 quindecim-

321 1844 519 1899 viratus,
546 1845 593 1890 &
614 1856 880 1906 auguratus,
907 1841 1186 1889 codicillares
1215 1838 1344 1895 fecit,
1379 1839 1439 1884 ita
1467 1851 1518 1884 ut
1549 1837 1598 1884 in

321 1917 485 1963 Senatu
518 1916 824 1979 allegerentur.
846 1914 1085 1978 Dexippus
1108 1912 1251 1970 dixit,
1277 1927 1461 1958 uxorem
1496 1927 1599 1957 eum

323 1988 547 2049 cujusdam
587 1989 792 2034 Martiani
823 1989 954 2036 filiam
991 1987 1192 2044 duxisse,
1226 1987 1505 2048 eundemque
1542 1985 1598 2031 ab

323 2076 382 2106 eo
411 2059 628 2106 Caesarem
660 2074 981 2121 nuncupatum.
1007 2062 1173 2105 Verum
1197 2076 1297 2106 cum
1329 2056 1464 2104 vellet
1493 2056 1600 2103 infi-

323 2133 408 2180 diis
435 2133 642 2181 occidere
679 2134 983 2180 Alex-andrum
1011 2134 1257 2180 Martianus
1280 2167 1293 2189 ,
1325 2132 1493 2178 detefila
1532 2129 1599 2177 fa-

326 2207 474 2254 &ione
491 2243 504 2262 ,
523 2208 571 2253 δι
597 2206 735 2268 ipsum
756 2207 1039 2253 interemtum
1055 2243 1066 2262 ,
1088 2209 1135 2253 ὃ(
1160 2222 1346 2252 uxorem
1374 2203 1599 2263 abjefiiam.

324 2281 443 2326 Idem
475 2279 607 2333 dicit,
635 2278 757 2325 fuiffe
787 2291 989 2340 patruum
1013 2278 1294 2324 Antoninum
1328 2276 1600 2338 Heliogaba-

326 2352 417 2397 lum
450 2351 715 2408 Alexandri,
744 2367 837 2396 non
866 2352 1020 2397 uxoris
1046 2350 1210 2396 sororis
1231 2348 1421 2409 ejusdem
1442 2346 1600 2395 filium.

324 2424 445 2472 Cum
463 2423 701 2473 Christiani
730 2424 953 2488 quendam
974 2423 1125 2472 locum
1139 2458 1153 2482 ,
1179 2423 1254 2486 qui
1276 2419 1481 2485 publicus
1503 2417 1601 2465 fue-
