1714 2807
293 171 349 207 vl
523 162 683 207 HJsT.
720 162 862 208 AUG.
899 165 1312 214 SCRIPTORUM

289 283 451 313 tantum
467 268 516 326 fi·
541 265 706 330 mutaffi
719 269 972 328 sententiam
994 273 1094 316 dicit
1104 289 1123 325 ;
1135 273 1218 332 sed
1245 275 1367 318 etiarn
1397 271 1438 319 6·
1451 275 1565 333 prio-³

290 343 348 385 ris
362 376 372 393 ,
395 337 437 384 δ’
450 340 683 405 posterioris
709 341 870 405 confilii
894 343 1060 401 causam
1085 347 1258 403 exponit
1273 348 1455 404 :prioris
1472 348 1565 405 qui-

291 414 410 466 dern,
440 415 550 471 quod
577 416 698 457 multi
715 413 780 474 fic
796 413 934 471 facere
952 414 1115 471 fhleant
1136 449 1148 469 ‚
1181 433 1347 474 quorum
1379 419 1566 474 exemplo

286 501 437 545 purgat
452 485 614 543 fhilum
642 489 785 546 prius,
812 489 860 531 de
886 506 964 548 quo
998 502 1084 531 turn
1115 490 1305 532 omnibus
1328 489 1438 547 satis
1463 507 1566 533 con·

278 555 451 621 stabat;
476 559 700 621 posterioris
731 575 891 615 autern,
925 562 1020 618 quia
1041 559 1091 622 st
1107 560 1272 623 posthac
1300 564 1436 619 plures
1462 561 1566 614 juni

291 645 366 690 gat
399 633 696 690 Imperatores,
724 629 1153 695 &fihi‚scril1endo‚
1189 629 1232 676 ὅ·
1263 633 1476 696 Augusto,
1509 636 1564 676 le-

291 707 426 764 gendo
445 739 456 759 ,
485 708 622 751 minus
650 721 854 750 creaturus
868 706 931 769 sit
961 705 1142 769 molestia:
1167 724 1216 750 ac
1243 708 1407 750 laboris.
1438 706 1565 750 Hunc

293 780 340 824 in
361 781 527 823 modurn
547 780 722 838 praefari
746 780 902 835 voluit,
931 795 977 823 ut
997 796 1136 824 ornnes
1161 779 1467 840 cognoscerent.
1496 795 1567 822 cur

294 865 381 895 non
400 853 565 896 eandem
587 869 697 896 nunc
715 853 827 897 viam
846 853 987 908 iniret,
1006 869 1129 912 quarn
1148 867 1271 897 antea
1292 848 1502 917 institiffet.

535 994 767 1041 AELIUS
813 996 901 1040 LA
921 994 1314 1042 MPRIDIUS.

362 1144 546 1190 AELIUS
596 1142 863 1200 Lampridius
897 1142 1002 1185 inter
1029 1157 1096 1184 eos
1129 1140 1204 1205 ss,
1247 1157 1349 1200 quos
1383 1143 1428 1185 in
1467 1141 1565 1186 vitis

298 1218 540 1276 Principum
572 1215 860 1275 perfiribendis
897 1215 1056 1258 imitari
1075 1214 1125 1273 fi
1155 1216 1258 1259 dicit
1286 1215 1485 1274 Vopiscus
1518 1217 1564 1259 in

295 1289 435 1332 Probo
449 1288 542 1346 fito.
571 1289 758 1346 Scriptas
779 1287 831 1330 ab
855 1304 898 1330 eo
927 1287 1119 1330 habemus
1148 1289 1257 1330 vitas
1283 1304 1456 1346 quatuor
1472 1290 1565 1345 islo-

294 1380 383 1409 rum
400 1396 413 1417 ‚
435 1363 651 1406 Commodi
674 1362 908 1414 Antonini,
927 1362 1145 1405 Antonini
1162 1363 1448 1417 Diadumeni,
1465 1348 1567 1406 An-

296 1437 435 1481 tonini
461 1435 728 1495 Heliogabali
743 1470 756 1490 ,
777 1431 819 1480 δ’
836 1437 1075 1479 Alexandri
1100 1438 1264 1480 Severi:
1284 1454 1455 1495 quarum
1477 1438 1567 1482 duae

290 1509 519 1573 pcsseriores
549 1511 692 1552 dicatae
707 1507 811 1567 sunt
837 1509 1104 1574 Constantino
1135 1511 1334 1573 Augusto.
1360 1511 1564 1555 Dubitari

295 1598 433 1626 tamen
464 1579 604 1642 poſjis,
639 1595 772 1637 utrum
806 1582 890 1624 vita
929 1581 1006 1624 illa
1039 1583 1281 1625 Alexandri
1315 1583 1450 1626 Severi
1484 1600 1565 1626 au-

294 1656 435 1699 florem
465 1655 610 1698 habeat
639 1653 939 1712 Lampridium.
978 1656 1113 1714 Vulgo
1147 1655 1307 1712 quidem
1339 1657 1376 1697 ei
1393 1688 1405 1709 ‚
1443 1657 1566 1699 etiarn

295 1730 340 1773 in
353 1729 534 1787 principe
558 1727 734 1771 editione
752 1726 1058 1790 Alediolanenfi
1071 1727 1323 1786 adscribitur.
1341 1728 1428 1770 Sed
1440 1729 1570 1786 Spar·

294 1804 416 1848 tiano
445 1800 624 1864 affignat
650 1801 832 1859 optimus
869 1802 1076 1844 Palatinae
1109 1802 1315 1859 quondam
1356 1801 1567 1844 bibliothe-

294 1894 348 1921 σαι
371 1877 500 1921 codex
518 1893 533 1919 .·
552 1876 614 1919 uti
633 1871 674 1919 δ’
703 1874 904 1917 Robertus
931 1890 961 1916 a
980 1875 1110 1917 Porta
1134 1872 1422 1931 Bononiensis.
1447 1873 1566 1932 Quin

291 1962 479 2008 excerpta
512 1947 762 2006 Spartiani‚
798 1948 942 2006 quibus
972 1965 1024 1990 ex
1051 1946 1162 2005 eapse
1197 1948 1436 1990 bibliotheca
1467 1950 1568 1991 Sal-

292 2024 446 2083 masius
479 2024 577 2082 usus
594 2022 688 2079 suit
704 2057 718 2076 ‚
745 2039 830 2066 non
859 2023 895 2065 ei
921 2023 1028 2065 hanc
1056 2023 1173 2065 modo
1199 2022 1325 2064 vitam
1355 2021 1566 2076 tribuunt,

281 2082 363 2158 fed
388 2100 510 2142 etiarn
540 2097 638 2141 illas
663 2098 788 2141 triurn
822 2095 1137 2139 Antoninorum
1159 2130 1168 2144 ‚
1204 2111 1304 2153 quas
1337 2108 1432 2138 ante
1463 2093 1566 2151 refe-

290 2171 441 2215 rebam.
468 2171 555 2213 Sed
580 2171 654 2213 lzoc
671 2168 718 2231 si
742 2185 878 2212 verum
910 2167 989 2231 est,
1020 2167 1132 2211 nihil
1162 2168 1341 2224 amplius
1374 2166 1566 2225 Lampri-

292 2243 355 2286 dii
377 2240 567 2303 superfit.
608 2243 757 2285 Verum
796 2257 879 2284 non
911 2257 979 2300 ego
1000 2244 1098 2298 psus
1126 2237 1256 2300 austra
1279 2237 1382 2293 fidei
1412 2239 1565 2283 tribue-

289 2331 327 2358 re
355 2315 450 2357 unis
485 2314 572 2358 illis
599 2312 824 2371 excerptis,
856 2329 976 2370 quam
1006 2311 1104 2375 ipfis
1135 2311 1340 2354 codicibus
1366 2309 1564 2368 Spartia-

290 2386 365 2438 ni,
396 2380 438 2428 G*
471 2385 606 2427 MSS.
636 2380 678 2428 δ’
710 2381 880 2444 exctfis.
916 2387 1007 2427 Aut
1025 2384 1076 2448 st
1099 2384 1296 2441 excerptis
1329 2383 1413 2425 illis
1433 2380 1563 2437 fidem

291 2459 475 2520 derogari
501 2458 642 2502 durius
672 2458 858 2503 videtur:
886 2459 1031 2502 dixero
1047 2490 1062 2518 ,
1083 2457 1249 2503 eundem
1269 2455 1374 2500 milti
1396 2454 1561 2500 AElium
