1714 2807
463 495 919 566 TREBELLII
976 434 1456 573 POLLIoNIS

311 683 1092 791 VALERIANUS
1218 695 1601 772 PATER

909 885 1005 927 ET

622 1057 1292 1135 FILIUS.

621 1252 1285 1271 *mm

1454 1303 1488 1335 l.

302 1456 334 1501 1.
370 1414 752 1504 VALERIANUS
787 1457 1035 1517 Imperator
1056 1490 1070 1511 ‚
1103 1452 1269 1501 nobilis
1298 1469 1488 1517 genere,
1519 1460 1601 1516 pa:

298 1539 365 1574 tre
386 1530 570 1575 Valerio
585 1565 598 1588 ,
613 1529 788 1576 Censor
807 1543 934 1576 antea
952 1565 965 1586 ‚
990 1531 1038 1576 δι
1060 1545 1137 1591 per
1157 1528 1416 1591 dign-'fratum
1439 1542 1600 1574 omnes

298 1603 463 1665 gradus
493 1604 577 1650 suis
607 1604 888 1666 temporibus
919 1604 974 1650 ad
1004 1603 1245 1649 maximum
1280 1602 1323 1648 in
1351 1601 1477 1649 terris
1504 1601 1600 1649 cul·

298 1692 403 1721 men
438 1677 707 1734 ascendens,
731 1676 858 1737 cujus
893 1693 971 1738 per
1003 1692 1149 1723 annos
1180 1674 1458 1738 septuaginta
1501 1674 1598 1721 vita

298 1748 534 1795 laudabilis
565 1750 609 1795 in
643 1767 738 1797 eam
772 1749 1096 1797 conscenderat
1133 1749 1323 1812 gloriam
1343 1784 1355 1803 ,
1377 1761 1458 1805 ut,
1496 1747 1599 1809 post

297 1837 458 1867 omnes
499 1822 698 1869 honores
731 1824 779 1870 δι
822 1822 1100 1886 magistratus
1146 1822 1378 1886 insigniter
1416 1822 1598 1885 gestos,

298 1896 550 1956 Imperator
579 1894 734 1944 fleret:
771 1912 893 1949 non,
929 1909 976 1942 ut
1006 1896 1148 1954 solet,
1177 1908 1285 1942 tum
1309 1896 1470 1941 '‘„uario
1505 1911 1599 1958 po·-¹

297 1967 394 2028 puli
426 1967 678 2025 concursu,
702 1984 796 2013 non
819 1968 1011 2014 militum
1041 1967 1222 2029 strepitu
1240 2002 1253 2026 ‚
1283 1967 1353 2013 sed
1381 1966 1476 2028 jure
1498 1981 1597 2017 men·¹

294 2039 523 2097 ritorum‚
558 2042 606 2087 &
648 2041 770 2103 quasi
811 2058 865 2087 ex
902 2041 1044 2088 totius
1075 2040 1198 2087 orbis
1235 2057 1324 2087 una
1363 2039 1596 2087 sententia.

293 2113 513 2176 Denique
547 2113 578 2160 fi
617 2114 717 2161 data
748 2115 852 2160 esset
881 2115 1094 2162 omnibus
1128 2114 1318 2176 potestas
1351 2113 1596 2176 promendi

293 2186 494 2243 arbitrii,
513 2202 646 2248 quem
666 2191 983 2248 Imperatorem
1006 2188 1205 2246 vellent,
1232 2188 1343 2234 alter
1372 2203 1467 2234 non
1487 2185 1594 2232 effet

293 2259 500 2307 deleftus.
518 2262 571 2305 Et
597 2273 647 2306 ut
666 2260 847 2317 sciatur,
869 2274 1036 2324 quanta
1062 2261 1132 2307 vis
1163 2260 1209 2307 in
1228 2259 1476 2307 Valeriano
1497 2275 1593 2305 me-

292 2331 487 2379 ritorum
529 2332 661 2379 fuerit
688 2333 978 2395 publicorum
1001 2369 1014 2391 ‚
1043 2350 1209 2395 ponam
1235 2332 1592 2380 senamstonsub

292 2416 336 2449 ta
351 2439 365 2458 ,
388 2402 550 2466 quibus
571 2403 931 2450 animadvertant
950 2421 1108 2451 omnes
1125 2440 1140 2464 ,
1166 2405 1278 2468 quid
1298 2405 1350 2451 de
1372 2403 1454 2450 illo
1476 2403 1593 2450 sem-¹

292 2490 373 2539 per
407 2474 698 2540 amplissimus
723 2476 842 2525 ordo
872 2474 1158 2538 judicaverit.
1188 2476 1390 2527 Duobus
1426 2473 1592 2535 Deciig.
