1714 2807
309 159 399 207 282
516 159 1389 207 AELIILAMPRIDII

307 266 498 311 literatas
517 299 530 320 ,
559 265 722 327 quibus
756 264 1016 320 serecreari
1046 264 1218 313 dicebat
1245 268 1293 313 &
1329 265 1456 328 pasci.
1484 266 1580 313 Has

305 336 463 395 bebat‚
493 353 595 383 cum
629 336 837 398 privatim
871 336 1221 390 convivaretur,
1248 339 1296 384 &
1332 338 1494 383 librum
1531 337 1580 384 in

302 409 481 468 mensa,
510 411 558 457 &
589 410 788 472 legebat,
815 411 886 456 sed
922 412 1079 457 Graeca
1109 411 1259 474 magis.
1290 411 1473 458 Latinos
1499 427 1580 457 au-

302 495 391 526 tem
420 496 574 544 poetas
603 482 839 530 leEiitabat.
870 483 1058 530 Publico
1084 485 1310 532 convivio
1337 502 1385 532 ea
1409 485 1580 548 fimpli-

301 552 433 599 citate
459 554 578 616 egit,
603 570 690 615 qua
724 554 935 614 privato;
962 555 1039 601 nisi
1063 557 1187 617 quod
1216 573 1421 604 numerus
1450 573 1579 603 accu-

303 627 502 672 bantium
533 626 778 685 crescebat,
805 629 1116 675 &multitudo
1145 631 1578 694 convivarum‚qua

300 700 376 748 ille
421 699 757 759 offendebatur,
793 700 972 759 dicens,
1006 701 1048 748 se
1085 701 1132 748 in
1172 703 1422 762 theatrq&
1453 705 1577 752 circo

301 776 584 822 manducare.

381 849 582 894 XXXV.
615 849 833 894 Oratores
864 849 914 895 &
949 859 1131 908 poetas,
1165 863 1258 894 non
1279 847 1356 894 fibi
1375 859 1580 913 panegyss

301 918 423 966 ricos
443 920 653 977 dicentes,
680 919 827 983 (quod
845 919 1054 980 exemplo
1077 918 1205 982 Nigri
1222 919 1448 966 Pescennii
1469 920 1578 966 stul-

300 1004 395 1050 tum
426 992 624 1056 dicebat)
658 993 728 1040 sed
757 1007 832 1040 aut
861 992 1090 1040 orationes
1123 993 1357 1040 recitantes
1375 1029 1389 1051 ,
1412 1006 1485 1040 aut
1510 994 1578 1041 fa·

300 1065 367 1110 &a
402 1078 629 1122 veterum,
663 1083 778 1130 quos
814 1079 913 1112 ante
950 1066 1110 1122 retuli,
1151 1066 1339 1111 libenter
1375 1065 1583 1112 audivit:

300 1135 512 1183 libentius
535 1150 708 1195 tamen,
736 1138 767 1183 si
793 1137 889 1200 quis
916 1137 956 1184 ei
984 1136 1191 1184 recitavit
1213 1137 1455 1184 Alexandri
1483 1140 1577 1183 Ma-

300 1207 378 1271 gni
397 1208 568 1265 laudes,
592 1222 665 1255 aut
687 1209 923 1255 meliorum
951 1222 1070 1254 retro
1095 1207 1350 1270 Principum
1365 1244 1376 1263 ‚
1395 1220 1468 1254 aut
1486 1225 1577 1255 ma-

301 1299 492 1345 gnorum
519 1283 639 1330 urbis
665 1284 822 1329 Roma:
849 1283 1064 1329 virorum.
1091 1284 1158 1329 Ad
1185 1283 1475 1338 Athenaeum,
1496 1299 1576 1329 au-

301 1355 566 1401 diendorum
593 1355 640 1401 &
669 1357 936 1401 Graecorum
968 1357 1016 1403 &
1046 1356 1308 1402 Latinorum
1344 1355 1575 1401 rhetorum

301 1426 377 1473 vel
407 1439 635 1488 poetarum
666 1426 819 1483 causa,
846 1425 1098 1489 frequenter
1132 1426 1356 1489 proceffir.
1387 1427 1577 1475 Audivit

299 1512 443 1547 autem
481 1501 611 1547 etiam
649 1500 844 1547 forenses
886 1513 1092 1546 oratores
1130 1500 1275 1547 causas
1316 1500 1575 1556 recitantes,

299 1589 406 1636 quas
440 1572 515 1619 vel
551 1573 672 1635 apud
705 1571 877 1635 ipsum,
910 1573 987 1619 vel
1019 1572 1134 1635 apud
1171 1572 1405 1619 Praefe&os
1444 1575 1577 1621 Urbis

297 1656 490 1708 egerant.
514 1643 662 1707 Agoni
688 1644 916 1706 praesedit,
940 1646 989 1691 &
1022 1644 1213 1690 maxime
1247 1645 1499 1702 Herculeo,
1529 1646 1577 1693 in

300 1718 520 1764 honorem
553 1716 702 1780 Magni
732 1717 992 1765 Alexandri.
1027 1718 1158 1764 Solus
1190 1717 1288 1779 post
1321 1717 1575 1776 meridiem,

300 1789 376 1835 vel
406 1788 630 1836 matutinis
660 1789 780 1836 horis
818 1789 990 1836 idcirco
1034 1806 1261 1852 nunquam
1292 1789 1466 1853 aliquos
1501 1790 1576 1836 vi-

299 1863 451 1919 debat,
486 1862 610 1925 quod
650 1862 889 1909 ementitos
921 1863 974 1907 de
1016 1861 1056 1909 se
1090 1863 1227 1909 multa
1268 1876 1576 1925 cognoverat:

298 1935 518 1996 speciatim
554 1936 823 1982 Vettonium
854 1935 1105 1982 Turinum:
1139 1952 1271 1998 quem
1307 1953 1406 1983 cum
1441 1936 1574 1983 fami-

296 2009 447 2054 liarem
478 2008 719 2067 habuisset,
744 2009 817 2055 ille
848 2009 999 2056 omnia
1028 2009 1104 2062 vel
1137 2008 1347 2073 fingendo
1377 2010 1436 2057 sic
1462 2027 1576 2059 ven·

275 2081 492 2138 .‹liderat,
512 2092 561 2126 ut
578 2081 837 2137 Alexandri,
857 2081 974 2144 quasi
999 2080 1116 2128 stulti
1140 2082 1350 2140 hominis,
1367 2085 1416 2130 δε
1440 2100 1575 2146 quem

296 2152 372 2198 ille
396 2152 442 2198 in
470 2151 681 2214 potestate
710 2153 918 2209 haberet,
936 2156 984 2201 ὅ(
1009 2153 1082 2201 cui
1107 2155 1244 2200 multa
1265 2154 1572 2217 persuaderet,

296 2225 528 2274 infamaret
557 2227 819 2290 imperium:
852 2228 998 2290 sicque
1031 2229 1240 2276 omnibus
1275 2230 1575 2294 persuaserat,

296 2299 421 2362 quod
446 2300 500 2345 ad
530 2315 690 2346 nutum
721 2301 843 2347 suum
877 2300 1028 2347 omnia
1057 2300 1233 2349 faceret.

362 2372 579 2418 XXXVI.
615 2373 825 2434 Denique
858 2374 938 2421 hac
975 2373 1098 2421 illum
1132 2387 1226 2421 arte
1256 2374 1569 2436 deprehendit,

297 2454 348 2489 ut
375 2443 594 2506 quendam
619 2444 903 2506 immitteret,
926 2447 1003 2512 qui
1034 2464 1057 2494 a
1079 2447 1119 2495 se
1151 2447 1360 2512 quiddam
1390 2447 1570 2511 publice
