1637 2785
274 147 700 196 TRYGINTA
753 145 1158 195 TYRANNL
1279 162 1411 207 117.

76 256 192 304 secio
234 255 400 302 dudum
443 242 683 300 interemit.
728 254 846 300 Idem
887 270 1071 316 quoque
1105 252 1368 300 adolescens

74 329 353 394 dignissimus
372 329 586 373 Romano
613 327 807 389 imperio
828 326 938 386 fuit,
964 341 1014 374 ut
1038 343 1145 374 vere
1171 327 1369 374 Macria-

75 402 121 447 ni
149 399 294 456 filius,
321 401 372 446 &
396 399 651 445 Macrianus
677 397 808 444 etiam
847 397 986 444 frater
1010 416 1022 444 :
1055 398 1129 461 qui
1167 399 1258 445 duo
1301 397 1370 444 af‘-

74 476 204 522 fliffis
225 475 356 522 rebus
381 487 629 536 potuerunt
662 473 987 535 rempublicam
1024 489 1192 535 gerere.
1229 472 1371 518 Vide-

72 561 146 594 tur
178 547 288 595 mihi
323 564 419 595 non
454 547 885 610 praetermittendum
929 547 983 593 de
1025 547 1369 594 Macrianorum

72 620 240 667 familia
259 652 274 676 ‚
294 637 395 683 quae
420 619 648 683 hodieque
673 619 833 674 floret,
852 619 898 665 id
923 619 1070 667 dicere
1086 655 1099 675 ‚
1123 620 1249 680 quod
1273 619 1372 679 spe-

74 693 183 741 ciale
211 695 382 756 semper
410 693 680 740 habuerunt.
704 693 1014 739 Alexandrum
1036 694 1251 755 Magnum
1274 694 1371 738 Mas

72 767 295 814 tedonem
332 767 422 816 viri
452 767 497 812 in
528 782 641 814 auro
670 769 720 815 &
747 778 969 829 argento,
1004 766 1212 812 mulieres
1243 766 1292 812 &
1321 764 1371 811 in

73 839 273 886 reticulis
301 840 350 886 &
378 838 731 903 dextrocheriis,
759 842 809 887 &
836 839 880 885 in
904 838 1080 895 anulis}
1101 839 1151 885 &
1172 838 1218 884 in
1239 837 1371 885 omni

72 923 449 959 ornamentorum
476 928 638 976 genere
656 948 669 969 ‚
698 911 978 973 exsculptum
1010 910 1179 972 semper
1197 910 1375 960 habue-j

74 996 182 1031 runt
199 1001 211 1030 :
226 983 452 1046 eousque,
472 997 519 1029 ut
539 984 706 1031 tunicae
721 1020 734 1041 ‚
756 986 803 1031 δὲ
824 984 970 1040 limbi,
993 985 1039 1030 δε
1058 982 1247 1045 paenulae
1272 999 1372 1028 ma-

73 1056 275 1103 tronales
305 1056 351 1103 in
385 1055 551 1102 familia
577 1056 672 1114 eius
701 1057 930 1119 hodieque
965 1057 1080 1113 sint,
1109 1072 1212 1119 quae
1235 1056 1372 1101 Alex·

73 1129 204 1175 andri
232 1128 422 1192 effigiem
453 1129 508 1175 de
536 1129 651 1176 liciis
682 1129 960 1176 variantibus
991 1129 1258 1174 monstrent.
1285 1128 1375 1180 Via

75 1201 224 1249 dimus
260 1201 470 1264 proxime
500 1202 766 1248 Cornelium
794 1203 998 1249 Macrum
1039 1201 1085 1247 in
1115 1202 1268 1248 eadem
1304 1201 1373 1248 fa*

73 1273 194 1321 milia
214 1274 389 1331 virum,
414 1291 518 1321 cum
539 1291 718 1321 coenam
747 1274 794 1320 in
816 1275 988 1337 templo
1006 1274 1214 1322 Herculis
1229 1275 1372 1333 darer,

0 1342 22 1367 *⁰
72 1360 270 1409 pateram
300 1346 588 1404 elec'hinam‚
623 1364 724 1410 quae
754 1346 802 1392 in
832 1346 985 1393 medio
1015 1346 1194 1393 vultum
1235 1348 1371 1394 Alex-

73 1419 201 1466 andri
240 1420 458 1478 haberet‚
499 1422 549 1467 &
589 1419 636 1465 in
677 1419 869 1467 circuitu
912 1435 1095 1466 omnem
1138 1418 1377 1468 historiam

76 1493 360 1551 contineret,
389 1493 523 1556 {ignis
552 1492 768 1539 brevibus
794 1494 843 1540 &
871 1492 1130 1547 minutulis,
1157 1491 1374 1541 Pontifici
1404 1529 1409 1534 -

76 1566 357 1627 propinare:
394 1581 528 1628 quarn
568 1565 755 1629 quidem
795 1565 1076 1612 circumferri
1117 1567 1178 1613 ad.
1209 1582 1372 1613 omnes

76 1637 189 1683 tanti
230 1637 351 1684 illius
381 1637 469 1683 viri
508 1638 816 1700 cupidiffimos
854 1636 985 1696 iuffit.
1019 1639 1164 1700 Quod
1195 1638 1373 1686 idcirco

76 1708 234 1771 posui,
258 1709 361 1771 quia
388 1710 601 1757 dicuntur
625 1709 775 1769 juvari
792 1711 838 1756 in
870 1709 998 1756 omni
1027 1711 1127 1758 aeia
1162 1710 1272 1769 suo,
1290 1709 1371 1773 qui

75 1782 389 1830 Alexandrum
433 1782 686 1846 expressum
734 1782 813 1831 vel
852 1798 963 1830 auro
1008 1782 1248 1847 gestitant,
1295 1782 1372 1831 vei

76 1867 281 1920 argento.

175 2019 398 2079 XIV.
465 2020 606 2076 DE
674 2017 1275 2081 ODENATO‚

78 2226 186 2273 XV.
214 2187 367 2276 ler
400 2230 670 2291 Odenatu‘s,
701 2232 916 2297 Princeps
955 2234 1377 2299 Palmyrenorum3

78 2311 219 2361 capto
251 2302 527 2361 Valeriano,
560 2305 675 2353 feffis
705 2308 928 2355 Romanae
962 2307 1222 2371 reipublicae
1255 2307 1375 2354 viri-

78 2372 194 2431 bus,
221 2373 434 2423 sumfiffet
466 2377 702 2441 imperium
722 2416 737 2437 ,
773 2379 820 2427 in
852 2380 1046 2428 Oriente
1079 2397 1150 2428 res
1187 2380 1374 2442 perditae

78 2446 232 2497 effenr.
262 2449 415 2511 Quare
440 2451 634 2501 affumto
661 2453 849 2501 nomine
877 2454 1070 2517 primum
1101 2452 1240 2519 regali
1262 2469 1373 2527 ‘cum

984 2528 1028 2574 H
1068 2545 1089 2592 3
