1714 2807
309 135 395 180 142

461 457 714 527 AELII
792 456 1439 526 SPARTIANI

402 652 452 727 S
563 653 621 727 E
739 652 817 727 V
927 653 985 727 E
1091 655 1161 727 R
1269 652 1342 728 U
1455 653 1502 727 S

909 824 1003 865 AD

534 975 1148 1024 DIOCLETIANUM
1201 976 1373 1025 AUG.

315 1327 348 1373 1.
386 1283 736 1371 INTERFECTO
771 1322 918 1371 Didio
949 1322 1154 1381 juliano,
1192 1323 1414 1380 Severus,
1451 1322 1599 1369 Africa

314 1397 562 1453 oriundus,
595 1395 832 1458 imperium
862 1395 1077 1442 obtinuit.
1112 1395 1184 1442 cui
1213 1395 1397 1453 civitas,
1423 1395 1598 1457 Leptis:

316 1482 471 1533 pater,
498 1471 640 1515 Geta:
665 1467 887 1528 majores,
913 1467 1085 1532 equites
1116 1468 1336 1525 Romani,
1359 1480 1461 1515 ante
1486 1468 1602 1516 civi-

317 1555 452 1590 tatem
482 1540 695 1588 omnibus
725 1541 899 1587 datam:
921 1554 1059 1587 mater
1075 1576 1088 1598 ‚
1114 1540 1273 1586 Fulvia
1300 1540 1401 1587 Pia:
1426 1540 1566 1602 patrui
1587 1575 1603 1600 ‚

318 1616 500 1661 Marcus
523 1613 718 1676 Agrippa
743 1615 791 1662 ὅ(
816 1613 1037 1670 Severus,
1062 1612 1360 1659 Consulares:
1382 1628 1491 1659 avus
1514 1627 1604 1658 ma-

318 1699 469 1733 ternus
486 1721 499 1743 ‚
530 1687 710 1740 Macer;
735 1698 941 1747 paternus
958 1719 971 1740 ‚
998 1685 1179 1731 Fulvius
1202 1684 1306 1730 Pius
1321 1721 1333 1739 ,
1356 1683 1491 1731 fuere.
1512 1684 1604 1746 lpse

317 1771 447 1806 natus
475 1757 536 1804 est
570 1757 738 1805 Erucio
769 1758 905 1804 Claro
936 1757 1002 1803 bis
1032 1760 1080 1805 δι
1106 1759 1274 1804 Severo
1303 1756 1604 1814 Consulibus,

316 1831 444 1877 sexto
477 1831 577 1876 Idus
608 1829 801 1890 Apriles,
839 1832 886 1876 In
921 1828 1061 1890 prima
1095 1828 1308 1891 pueritia,
1347 1827 1604 1890 priusquam

317 1902 488 1950 Latinis
518 1901 778 1965 Graecisque
813 1901 950 1949 literis
980 1902 1277 1957 imbueretur,
1310 1901 1470 1963 quibus
1505 1917 1605 1947 eru-

317 1975 547 2022 ditissimus
576 1973 686 2031 fuit,
709 1974 882 2021 nullum
912 1975 1047 2021 alium
1083 1975 1198 2020 inter
1227 1989 1392 2036 pueros
1418 1974 1604 2033 ludum,

319 2048 398 2095 nisi
427 2051 485 2093 ad
510 2047 678 2105 judices
713 2046 943 2100 exercuim
976 2062 1078 2092 cum
1114 2045 1234 2107 ipse,
1259 2045 1446 2108 praelatis
1473 2044 1606 2092 fasci-

319 2123 401 2169 bus
428 2137 479 2167 ac
511 2119 766 2175 securibus,
795 2119 955 2165 ordine
995 2134 1233 2180 puerorum
1267 2118 1604 2177 circumstante,

318 2195 488 2241 sederet
517 2209 567 2240 ac
600 2192 829 2254 judicaret.
870 2192 1233 2238 O&avodecimo
1269 2208 1391 2237 anno
1427 2191 1605 2253 publice

319 2265 602 2315 declamavit.
632 2264 783 2311 Postea
809 2263 1059 2310 studiorum
1084 2263 1207 2311 causa
1230 2264 1421 2309 Romam
1445 2263 1601 2319 venit,

317 2339 456 2385 latum
482 2339 661 2385 clavum
686 2353 708 2382 a
734 2336 848 2382 divo
878 2337 1038 2382 Marco
1063 2335 1212 2396 petiit,
1236 2337 1284 2382 &
1311 2335 1512 2397 accepit,
1540 2335 1603 2382 sa·

316 2424 453 2461 vente
473 2410 550 2459 fibi
572 2408 789 2472 Septimio
807 2409 975 2458 Severo
988 2443 1002 2467 ‚
1018 2408 1148 2455 affine
1166 2407 1244 2455 suo
1262 2443 1275 2467 ,
1296 2407 1360 2454 bis
1377 2406 1463 2470 jam
1477 2408 1603 2455 Con-
