1637 2785
312 101 576 149 VERUS
624 101 1136 150 IMPERATOR.
1303 102 1357 167 85

148 210 228 258 IX.
257 211 315 259 Er,
331 210 427 256 haec
453 208 559 254 vitae
581 207 834 271 diversitas,
851 221 982 270 atque
1005 210 1088 256 alia
1105 208 1241 256 multa
1257 246 1271 268 ‚
1297 209 1364 255 in-

80 298 146 333 ter
165 288 364 332 Marcum
384 285 432 330 &
450 285 619 330 Verum
642 282 880 328 fimultates
902 280 1073 336 feciffe,
1092 300 1186 330 non
1214 296 1363 346 aperta

77 360 240 406 veritas
268 357 516 413 indicabat,
545 356 616 402 sed
644 354 850 402 occultus
870 371 1026 401 rumor
1051 355 1364 407 insusurrabat.

76 434 241 477 Verum
285 430 397 476 illud
438 429 711 491 praecipuum
737 463 750 484 ‚
793 428 950 489 quod,
991 444 1092 474 cum
1136 429 1358 476 Libonem

73 502 292 564 quendam
330 500 569 562 patruelem
603 500 725 545 suum
759 502 941 545 Marcus
971 499 1161 562 legatum
1192 501 1234 545 in
1267 503 1358 565 Sy-

72 573 182 620 riam
213 572 413 629 misiffet,
441 586 572 635 atque
604 571 678 618 ille
710 571 752 618 se
784 571 1046 618 insolentius
1071 607 1086 627 ‚
1109 575 1241 634 Quam
1274 591 1357 619 ve-

71 645 291 691 recundus
317 645 505 690 Senator
526 679 540 702 ,
571 642 772 698 efferret,
791 642 972 701 dicens,
994 645 1054 688 ad
1071 642 1228 700 fratres
1250 645 1353 703 suos

59 718 310 779 firzjottcrum
350 716 455 780 ff,
469 717 519 782 st
552 720 655 778 quid
677 716 791 775 forte
825 717 1059 771 dubitarem
1089 731 1172 761 nec
1204 717 1350 762 Verus

69 791 258 854 praesens
279 792 369 854 pati
396 791 538 853 poffet
557 826 571 850 ‚
590 790 825 854 subitoque
849 792 1016 837 morbo
1032 826 1047 846 ,
1072 788 1190 836 notis
1208 806 1353 852 prope

71 865 237 911 veneni
255 863 584 921 exsistentibus,
598 863 833 919 interissem
853 862 994 908 visum
1011 862 1072 908 est
1092 862 1323 909 nonnullis
1338 900 1352 921 ,
1382 890 1388 894 -

68 936 195 1001 (non
229 950 375 983 tamen
412 935 604 1000 Marco)
643 937 768 1001 quod
804 935 898 997 ejus
933 935 1084 982 fraude
1121 947 1350 997 putaretur

20 1069 25 1074 .
65 1009 254 1057 occisus.
273 1027 373 1072 quae
396 1025 464 1056 res
486 1008 753 1056 simultatum
775 1008 899 1055 auxit
916 1024 1159 1054 rumorem.
1179 1007 1350 1054 Liberti

65 1082 253 1128 multum
280 1094 524 1144 potuerunt
548 1082 665 1143 apud
697 1084 862 1128 Verum
883 1117 896 1139 ,
924 1094 973 1128 ut
1001 1081 1046 1127 in
1079 1081 1172 1128 vita
1202 1082 1347 1129 Marci

63 1154 281 1214 diximus,
307 1156 520 1202 Geminas
551 1157 599 1203 &
624 1155 900 1220 Agaclytus,
922 1154 997 1203 cui
1017 1154 1168 1214 dedit,
1194 1155 1347 1203 invito

63 1229 249 1286 Marco,
277 1228 464 1275 Libonis
488 1244 689 1293 uxorem.
716 1228 909 1292 denique
940 1228 1107 1290 nuptiis
1133 1228 1188 1274 ab
1220 1232 1345 1276 Vero

61 1301 318 1358 celebratis,
342 1304 519 1349 Marcus
551 1295 779 1350 convivio
812 1319 906 1349 non
937 1302 1155 1355 interfuit.
1176 1305 1346 1350 Habuit

60 1375 111 1421 δι
137 1375 250 1421 alios
271 1374 456 1422 libertos
486 1377 628 1421 Verus
659 1374 894 1437 improbos
912 1410 925 1433 ‚
948 1375 1124 1423 Codem
1144 1377 1192 1434 ἃ
1212 1375 1343 1421 Ecle-

60 1448 206 1503 ctum,
230 1448 516 1510 ceterosque:
539 1464 655 1510 quos
684 1464 842 1496 omnes
871 1451 1054 1495 Marcus
1082 1448 1181 1510 post
1220 1465 1344 1495 mor-

59 1531 149 1565 tem
176 1519 316 1577 Veri,
345 1519 487 1582 specie
509 1518 698 1566 honoris
722 1518 884 1581 abjecit
900 1555 911 1576 ‚
935 1519 1115 1565 Eclecto
1136 1531 1311 1565 retento
1328 1556 1341 1577 ,

58 1592 137 1655 qui
165 1592 314 1653 postea
339 1593 646 1638 Commodum
666 1590 806 1637 filium
829 1590 924 1650 eius
942 1591 1127 1639 occidit.
1154 1592 1222 1638 Ad
1242 1592 1338 1639 bel-

56 1662 150 1709 lum
183 1663 528 1721 Germanicum,
554 1664 678 1727 quod
707 1665 885 1711 Marcus
915 1653 1056 1710 nollet
1076 1663 1262 1710 Lucium
1288 1664 1338 1709 fi·

58 1752 114 1781 ne
141 1734 182 1780 se
212 1735 285 1782 vel
315 1737 370 1781 ad
395 1735 561 1782 bellum
589 1735 764 1782 mittere
781 1771 794 1793 ,
821 1736 896 1782 vel
921 1736 966 1781 in
1002 1736 1126 1782 Urbe
1146 1736 1340 1783 dimitte-

55 1824 104 1855 re
121 1843 134 1865 ,
156 1807 281 1854 causa
303 1808 494 1855 luxuriae
509 1843 522 1866 ‚
544 1807 670 1855 fimul
689 1807 877 1871 profe&
897 1808 998 1855 sunt
1012 1843 1026 1866 ,
1045 1820 1176 1871 atque
1196 1808 1339 1873 Aqui-

53 1878 185 1942 lejam
216 1892 467 1927 venerunt:
499 1880 743 1945 invitoque
770 1881 914 1928 Lucio
936 1880 1071 1943 Alpes
1096 1880 1336 1944 transgres-

55 1951 87 1998 fi
103 1988 117 2011 ,
135 1969 234 1999 cum
253 1954 397 1999 Verus
415 1952 534 2015 apud
550 1951 801 2015 Aquileiam
821 1964 992 1999 tantum
1012 1953 1209 1999 vectatus
1226 1969 1336 2000 con·

54 2023 323 2088 vivatusque
353 2024 456 2071 effet
474 2061 486 2082 ,
514 2027 691 2072 Marcus
718 2036 866 2071 autem
896 2025 1050 2072 omnia
1083 2025 1338 2088 prospexis-

0 2121 3 2124 >
54 2096 128 2145 set.
145 2098 218 2144 De
243 2114 334 2160 quo
356 2097 477 2144 bello
505 2097 612 2161 quid
640 2114 719 2161 per
746 2097 918 2161 legatos
938 2099 1235 2145 Barbarorum
1259 2116 1336 2161 pa·-

54 2186 148 2217 cem
172 2170 417 2232 petentium
436 2206 447 2229 ,
467 2171 578 2234 quid
605 2187 684 2234 per
703 2171 836 2218 duces
861 2171 1040 2219 nostros
1059 2171 1223 2236 gestum
1246 2173 1334 2232 est,

50 2242 98 2289 in
122 2244 263 2290 Marci
287 2243 377 2291 vira
402 2242 643 2306 pleniffime
666 2243 937 2308 disputatum
961 2245 1035 2311 est.
1059 2245 1331 2308 Compofito

31 2315 198 2365 'autem
220 2317 340 2366 bello
360 2317 404 2365 in
420 2318 650 2365 Pannonia
664 2354 676 2374 ,
694 2333 878 2384 urgente
898 2320 1040 2368 Lucio
1057 2319 1333 2385 ‚Aquileiam

53 2389 240 2450 rediret,
263 2391 388 2454 quod
417 2391 604 2439 urbanas
637 2392 906 2442 desiderabat
935 2393 1102 2440 Lucius
1126 2392 1333 2457 volupiam
