1637 2785
300 159 669 208 ANTONINUS
705 159 1183 208 HsstiooAssALUS.
1293 169 1391 222 ψ’

107 265 219 324 bus,
251 265 469 313 aestimans
496 266 585 312 hoc
614 265 728 311 inter
759 265 1048 312 instrumenta
1081 264 1301 322 luxuriae3
1328 264 1392 313 ita

107 350 157 384 ut
194 338 292 384 sero
333 338 387 385 de
419 337 579 384 somno
611 337 805 400 surgeret
839 339 889 384 δι
926 337 1100 383 salutari
1139 337 1393 399 inciperet,

107 427 238 458 mane
273 425 416 457 autem
448 410 646 456 dormire
683 410 945 471 inceptaret.
982 409 1152 456 Amicis
1185 410 1396 473 quotidie

109 500 192 530 nec
219 499 488 546 quemquam
518 481 649 530 facile
672 483 942 529 indonatum
971 481 1279 546 relinquebat,
1311 482 1395 531 nifi

108 553 242 618 quem
272 554 413 617 frugi,
444 555 563 616 quali
584 555 803 617 perditum
830 554 1070 617 reperisset.

173 628 351 676 XXtX.
370 630 535 675 Habuit
557 644 774 692 gemmata
794 629 1003 676 vehicula
1020 629 1068 676 &
1087 641 1236 676 aurata
1250 665 1262 687 ,
1282 641 1399 677 con-T

111 700 258 747 temtis
293 701 557 763 argentatis,
577 703 628 748 ὃς
657 701 852 748 eboratis
870 737 884 759 ,
910 703 959 749 &
984 700 1140 750 aeratis.
1161 702 1316 749 Junxit
1346 705 1400 750 &

106 785 345 836 quaternas
376 774 581 819 mulieres
613 774 959 834 pulcherrimas,
991 775 1041 821 &
1073 774 1199 820 binas
1229 773 1284 820 ad
1315 791 1401 836 pa<

106 845 288 907 pillam,
321 846 395 892 vel
421 859 567 892 ternas
597 847 645 893 &
674 845 890 908 amplius,
915 848 963 894 &
990 845 1050 894 fic
1082 846 1281 893 vectatus
1308 846 1399 893 est:

108 919 180 965 sed
207 920 468 983 plerumque
499 919 644 964 nudus
663 955 675 974 ‚
713 935 813 966 cum
847 919 972 965 illum
1004 919 1135 966 nudae
1156 919 1402 969 traherent.'

108 993 275 1040 Habuit
299 995 347 1040 δε
365 993 480 1040 hanc
506 992 903 1050 consuetudinem,
925 1005 975 1038 ut
1002 993 1109 1039 octo
1136 992 1295 1039 calvos
1321 1004 1403 1037 ro-··.

108 1079 229 1128 garet
262 1066 316 1112 ad
349 1081 555 1122 coenam,
586 1065 691 1110 item
728 1065 834 1110 ofto
862 1064 1038 1120 luscos,
1069 1066 1118 1112 &
1150 1063 1257 1110 item
1290 1064 1400 1110 οᾶο

109 1137 412 1201 podagrosOS,
442 1138 549 1184 οξὶο
586 1138 771 1194 surdos,
797 1138 903 1183 οξὶο
934 1137 1113 1199 nigros,
1148 1138 1254 1182 octo
1290 1137 1401 1183 lon-

109 1228 217 1276 g05,
247 1213 297 1259 &
324 1211 430 1257 octo
465 1210 678 1273 pingues,
713 1227 815 1257 cum
845 1210 943 1273 capi
974 1227 1069 1256 non
1097 1211 1272 1272 poffent
1302 1226 1402 1256 uno

108 1283 317 1346 sigmate,
346 1296 394 1330 ut
424 1283 476 1329 de
506 1284 572 1330 his
598 1283 809 1331 omnibus
843 1283 952 1331 risus
983 1284 1152 1332 citaret.
1184 1283 1401 1331 Donavit

108 1358 158 1404 &
182 1368 409 1421 argentum
437 1373 571 1403 omne
596 1356 840 1415 convivis,
866 1357 991 1422 quod
1020 1357 1177 1405 hahuit
1203 1357 1250 1403 in
1281 1373 1402 1404 con-

107 1429 243 1476 vivio
268 1464 281 1483 ‚
313 1430 362 1477 δε
395 1446 578 1476 omnem
614 1443 874 1492 apparatum
910 1430 1184 1492 poculorum
1210 1465 1224 1489 ‚
1264 1429 1402 1492 idque

108 1503 282 1564 saepius.
314 1504 638 1567 Hydrogarum
676 1504 990 1550 Romanorum
1028 1504 1189 1551 ducum
1230 1504 1403 1566 primus

110 1576 290 1639 publice
315 1577 518 1623 exhibuit
536 1612 548 1634 ,
575 1594 676 1623 cum
709 1591 838 1624 antea
864 1577 1068 1625 militaris
1093 1577 1240 1624 mensa
1266 1578 1402 1634 effet3

109 1666 243 1712 quam
279 1648 430 1710 postea
464 1649 604 1695 statim
637 1650 890 1697 Alexander
927 1650 1132 1699 reddidit.
1163 1653 1401 1714 Propone-

111 1721 186 1768 bat
211 1734 421 1783 praeterea
441 1721 508 1768 his
532 1722 654 1784 quasi
679 1723 871 1770 themata
887 1759 900 1780 ‚
920 1737 968 1770 ut
989 1723 1086 1786 jura
1113 1741 1239 1771 nova
1270 1724 1401 1785 dapi-

108 1794 193 1841 bus
225 1793 490 1841 condiendis
527 1794 809 1842 invenirent:
845 1795 971 1858 cujus
1008 1797 1236 1859 placuisset
1274 1813 1401 1845 com-

109 1879 337 1921 mentum,
366 1867 406 1913 ei
441 1867 573 1913 dabat
603 1869 844 1915 maximum
876 1869 1140 1931 praemium,
1165 1869 1223 1918 ita
1254 1883 1303 1917 ut
1333 1870 1403 1916 se··‘

109 1939 247 1986 ricam
278 1939 444 1986 vestem
468 1940 801 2003 donaret‚quae
830 1953 940 1989 tunc
969 1944 1016 1989 &
1042 1942 1089 1989 in
1120 1941 1299 1988 raritate
1324 1941 1402 1987 vi-

110 2011 326 2068 debatur,
356 2013 405 2059 &
436 2012 482 2058 in
512 2013 704 2059 honore.
727 2012 771 2058 Si
795 2013 953 2076 aliquis
978 2026 1125 2061 autem
1151 2012 1400 2075 displicuis-

110 2082 204 2139 set,
230 2081 438 2142 jubebat,
469 2096 517 2129 ut
546 2083 717 2147 semper
750 2084 795 2130 id
823 2085 1063 2143 corneffet,
1092 2085 1303 2150 quamdiu
1330 2097 1401 2131 ta-

110 2171 213 2201 men
244 2154 399 2202 melius
427 2155 677 2204 invenisset.
707 2159 891 2222 Semper
921 2157 1022 2205 sane
1055 2170 1130 2205 aut
1159 2159 1275 2205 inter
1306 2157 1399 2204 flo-

111 2243 179 2274 res
209 2226 345 2283 sedit,
373 2240 447 2275 aut
483 2228 600 2276 inter
625 2231 792 2277 odores
819 2230 1060 2294 pretiosos.
1088 2231 1279 2278 Amabat
1316 2230 1398 2280 fibi

111 2300 253 2364 pretia
277 2299 445 2361 majora
475 2303 563 2350 dici
589 2320 740 2351 earum
766 2321 911 2351 rerum
927 2340 941 2364 ,
962 2322 1062 2369 quae
1091 2303 1251 2352 mensae
1272 2320 1401 2367 para-⁴

112 2374 300 2430 bantur,
324 2374 486 2422 orexin
514 2377 741 2423 convivio
777 2378 894 2424 hanc
915 2378 999 2423 effe
1027 2376 1228 2424 afferens.

193 2446 350 2498 XXX.
380 2447 530 2497 Pinxit
563 2449 629 2510 se,
653 2461 705 2498 ut
745 2450 1077 2515 cupediarium,
1111 2461 1159 2497 ut
1195 2448 1399 2513 seplasia-⁷
