1714 2807
329 116 419 165 228

378 364 673 476 FLAVII
695 327 1051 437 vo'msffl
1073 369 1545 462 SYRACUSII

327 495 805 660 FI'RMU&
847 553 1601 650 *SATURN-INUS

540 737 1388 817 PROCULUS

918 909 1011 950 ET

454 1053 1475 1138 BONOSUS.

633 1239 1290 1258 ——n-ss—u—

326 1396 359 1444 1.
398 1361 576 1448 ΜΙΝ
594 1413 873 1448 USCULOS
907 1412 1130 1465 tyrannos
1160 1403 1253 1451 scio
1272 1405 1508 1468 plerosque
1535 1416 1603 1453 ta-

326 1471 486 1529 cuiffe,
517 1485 590 1518 aut
618 1473 814 1518 breviter
848 1473 1098 1535 praeteriffe.
1138 1475 1252 1522 Nam
1278 1479 1327 1524 ὅ(
1359 1478 1601 1525 Suetonius

324 1545 639 1607 Tranquillus,
661 1546 1034 1592 emendatissimus
1056 1549 1103 1594 δι
1136 1547 1464 1596 candidiffimus
1496 1549 1601 1598 scri-

326 1631 463 1680 ptor,
497 1618 780 1666 Antoninum
809 1621 856 1667 δι
889 1619 1127 1668 Vindicem
1157 1622 1324 1678 tacuit,
1364 1635 1603 1671 contentus

326 1707 407 1743 eo,
429 1691 554 1753 quod
580 1708 658 1738 eos
688 1693 842 1738 cursim
874 1693 1210 1753 perstrinxerat:
1232 1696 1281 1743 &
1316 1695 1486 1743 Marius
1508 1699 1603 1744 Ma-

326 1765 498 1820 ximus,
526 1765 602 1828 qui
628 1765 843 1811 Avidium
872 1766 1010 1813 Marci
1044 1767 1354 1829 temporibus,
1389 1768 1602 1816 Albinum

326 1839 375 1886 &
405 1839 592 1901 Nigrum
629 1838 815 1896 Severi,
846 1856 938 1886 non
979 1840 1065 1887 suis
1106 1841 1300 1903 propriis
1338 1842 1489 1900 libris,
1530 1842 1602 1889 sed

324 1911 481 1956 alienis
510 1909 727 1958 innexuit.
756 1913 810 1956 Et
830 1912 883 1957 de
906 1912 1125 1959 Suetonio
1147 1929 1240 1959 non
1270 1913 1508 1973 miramur,
1531 1914 1604 1960 cui

324 1984 540 2031 familiare
570 1983 650 2030 fuit
685 2001 831 2031 amare
860 1985 1137 2034 brevitatem.
1167 1986 1292 2046 Quid
1318 1987 1488 2033 Marius
1509 1990 1605 2035 Ma-

324 2061 472 2106 ximus
490 2094 502 2115 ,
528 2059 669 2104 homo
701 2059 906 2105 omnium
934 2059 1287 2116 verbofiffimus,
1318 2058 1397 2121 qui
1428 2061 1475 2106 &
1498 2076 1603 2122 my-

323 2131 569 2179 thistoricis
589 2131 629 2178 se
647 2131 956 2179 voluminibus
975 2132 1256 2194 implicavit,
1279 2149 1383 2178 num
1405 2132 1457 2177 ad
1478 2131 1604 2178 istam

323 2204 671 2266 descriptionem
698 2220 938 2267 curamque
958 2204 1210 2251 descendit?
1236 2207 1293 2251 At
1314 2216 1472 2251 contra
1489 2205 1603 2250 Tre-

324 2278 488 2325 bellius
534 2278 684 2325 Pollio
720 2295 770 2325 ea
812 2278 895 2324 fuit
936 2278 1197 2341 diligentia,
1235 2294 1374 2340 eaque
1408 2294 1512 2324 cura
1556 2276 1601 2323 in

325 2353 506 2399 edendis
545 2352 676 2400 bonis
704 2351 914 2415 inalisque
948 2352 1251 2412 Principibus,
1285 2365 1334 2397 ut
1361 2351 1491 2397 etiam
1520 2350 1599 2394 tri—

325 2424 448 2489 ginta
468 2438 692 2490 tyrannos
714 2442 806 2474 uno
829 2425 1025 2473 breviter
1047 2425 1164 2472 libro
1186 2424 1506 2484 concluderet,
1525 2423 1600 2487 qui
