1714 2807
297 138 384 187 168
504 135 1368 190 'AELIISPARTIANI

288 260 390 291 cum
422 240 656 304 imperium
687 240 872 291 invasit:
897 260 951 290 ex
975 261 1066 308 quo
1090 245 1348 309 cupiditates
1370 244 1462 308 ejus
1486 245 1560 295 In³

287 316 432 372 cusat,
468 315 648 379 perinde
675 316 796 380 quasi
826 319 1016 366 Severus
1057 320 1207 367 minor
1234 323 1288 367 ad
1323 322 1562 384 imperium

285 389 492 450 venerit,
521 389 598 453 qui
623 406 765 437 annos
794 389 895 438 suos
924 393 1149 438 contrahit
1166 428 1180 449 ‚
1200 410 1301 440 cum
1326 394 1478 440 decem
1509 395 1560 441 &

287 463 395 509 0610
420 463 546 510 annis
569 463 821 525 imperarit,
840 466 888 512 δι
918 465 1188 529 oelogefimo
1214 482 1340 512 nono
1367 466 1563 528 perierit.

288 537 399 584 Sane
421 539 612 586 Severus
630 538 886 585 Heraclium
914 540 965 584 ad
989 539 1276 586 obtinendam
1297 541 1560 603 Bithyniam

287 610 431 658 misit:
466 610 671 658 Fulvium
704 625 847 658 autem
878 612 931 658 ad
960 613 1252 674 occupandos
1276 613 1452 660 adultos
1477 613 1561 659 Ni-

287 682 359 746 gri
379 682 520 731 filios:
545 701 624 731 nec
648 695 792 731 tamen
819 685 865 730 in
887 686 1046 731 Senatu
1076 685 1316 748 quidquam
1339 687 1392 733 de
1416 686 1562 749 Nigro

289 759 483 802 Severus
514 755 657 813 dixit,
687 773 785 803 cum
816 755 901 815 jam
934 757 1112 803 audisset
1143 757 1195 802 de
1226 756 1318 818 ejus
1345 757 1565 820 imperio,

287 827 380 890 ipse
401 842 547 876 autem
569 826 922 890 proficisceretur
945 829 996 875 ad
1016 830 1381 890 componendum
1399 830 1564 877 Orien-

287 903 346 949 tis
372 902 543 948 statum.
566 901 761 948 Tantum
783 901 880 948 sane
905 901 1017 947 illud
1045 900 1149 948 fecit
1177 900 1487 964 proficiscens,
1514 914 1564 949 ut

289 975 492 1038 legiones
521 974 576 1021 ad
606 973 801 1022 Africam
837 975 1056 1034 mitteret,
1086 991 1140 1022 ne
1169 992 1264 1022 eam
1298 975 1564 1023 Pescennius

290 1060 562 1107 occuparet,
591 1047 641 1092 &
674 1045 789 1092 fame
819 1047 1037 1109 populum
1070 1048 1324 1094 Romanum
1358 1062 1564 1110 perurge-

287 1132 371 1167 ret.
403 1119 457 1164 Et
479 1117 711 1166 videbatur
733 1118 776 1164 id
802 1118 946 1166 facere
965 1120 1085 1181 posse
1113 1136 1190 1181 per
1214 1120 1401 1184 Lybiam
1422 1120 1564 1183 AEgy-

289 1205 538 1257 ptumque‚
562 1191 730 1239 vicinas
765 1192 954 1250 Africae,
978 1193 1146 1239 difficili
1184 1194 1288 1242 licet
1322 1193 1478 1241 itinere
1512 1209 1565 1240 ae

291 1265 595 1329 navigatione.
628 1266 681 1310 Et
708 1265 973 1312 Pescennius
1010 1266 1190 1328 quidem
1212 1303 1228 1324 ,
1253 1267 1463 1313 veniente
1511 1266 1566 1312 ad

292 1339 528 1385 Orientem
556 1339 754 1394 Severo,
785 1339 1034 1396 Graeciam,
1061 1339 1300 1394 Thracias,
1327 1342 1376 1388 δε
1409 1342 1565 1386 Mace-

289 1412 502 1470 doniam,
536 1410 775 1458 interfeffis
807 1411 956 1458 multis
991 1413 1228 1461 illustribus
1262 1414 1401 1471 viris,
1437 1426 1566 1460 tene-

287 1485 391 1542 bat,
417 1486 473 1531 ad
503 1484 815 1546 participatum
852 1484 1025 1546 imperii
1058 1487 1274 1534 Severum
1314 1502 1509 1534 vocans:
1539 1501 1565 1532 a

286 1557 549 1620 quostausa
568 1573 752 1613 eorum,
775 1573 888 1619 quos
916 1558 1172 1617 occiderat,
1196 1576 1296 1606 cum
1321 1558 1565 1605 AEmiliano

285 1630 422 1677 hostis
451 1630 510 1676 est
541 1630 808 1693 appellatus:
840 1630 999 1677 deinde
1028 1648 1050 1678 a
1081 1632 1268 1680 ducibus
1303 1631 1452 1679 Severi
1487 1647 1566 1694 per

287 1702 579 1749 AEmilianum
608 1719 806 1764 pugnans
834 1702 974 1751 viiius
1003 1703 1075 1750 est.
1103 1706 1158 1750 Et
1190 1721 1290 1752 cum
1319 1704 1384 1751 illi
1418 1714 1566 1750 tutum

286 1773 491 1821 exsilium
521 1773 827 1836 promitteret,
850 1774 879 1819 s1
909 1775 964 1821 ab
994 1775 1126 1824 armis
1154 1776 1404 1834 recederet,
1435 1773 1569 1838 persi-

287 1845 404 1892 stens
431 1845 589 1892 iterum
621 1845 868 1908 pugnavit,
901 1846 949 1893 &
987 1846 1131 1893 vietus
1159 1846 1248 1905 est,
1284 1859 1418 1909 atque
1447 1845 1566 1907 apud

285 1919 507 1984 Cyzicum
539 1918 654 1967 circa
688 1919 892 1981 paludem
931 1920 1106 1984 fugiens
1146 1920 1389 1977 sauciatus,
1424 1921 1473 1968 &
1506 1918 1566 1967 fic

284 1995 341 2041 ad
376 1995 590 2041 Severum
620 1993 858 2050 ἀεάιιθιιις,
883 2007 1013 2056 atque
1045 1993 1187 2041 statim
1213 2007 1429 2040 mortuus.

352 2067 430 2115 v1.
452 2065 595 2125 Hujus
622 2079 754 2127 caput
785 2066 1095 2113 circumlatum
1122 2067 1217 2129 pilo
1244 2067 1434 2113 Romam
1459 2065 1566 2112 mis-'

287 2136 409 2194 sum,
436 2136 516 2182 filii
540 2137 674 2184 occist
691 2173 706 2194 ‚
732 2153 885 2185 necata
917 2155 1056 2195 uxor,
1078 2139 1393 2201 patrimonium
1415 2137 1564 2201 publi-

285 2223 462 2268 catum,
489 2209 654 2257 familia
688 2213 835 2259 omnis
869 2213 1089 2259 exstinssa.
1126 2214 1210 2259 Sed
1249 2213 1346 2260 haec
1381 2213 1565 2270 omnia,

284 2281 570 2345 posteaquam
601 2282 655 2329 de
679 2283 834 2330 Albini
862 2284 1107 2330 rebellione
1129 2284 1361 2348 cognitum
1384 2283 1444 2330 est
1459 2317 1472 2339 ‚
1495 2282 1564 2329 fa-

285 2355 354 2402 &a
387 2355 507 2403 sunt:
536 2372 637 2403 nam
669 2355 794 2418 prius
821 2358 870 2404 &
905 2356 1024 2405 filios
1059 2358 1184 2421 Nigri
1218 2359 1267 2406 δι
1299 2371 1480 2404 matrem
1515 2357 1562 2403 in

285 2426 490 2478 exsilium
520 2427 706 2479 miserat.
731 2429 816 2477 Sed
843 2430 1003 2479 exarsit
1031 2430 1226 2481 secundo
1254 2429 1382 2481 civili
1414 2429 1564 2490 bello,
