1637 2785
217 129 282 173 M.
334 125 506 172 ΑΝΤ.
556 127 1124 174 PHILOSOPHUS.
1254 127 1310 191 65

40 233 329 295 vendiditque
364 248 494 279 aurea
535 234 696 294 pocula
731 235 778 279 δε
817 234 1071 297 crystallina
1107 236 1156 283 δε
1192 253 1320 298 myr-

40 308 194 364 rhina,
225 303 328 352 vasa
354 303 483 350 etiam
512 305 629 367 regia
649 341 661 362 ,
697 307 745 351 &
777 305 939 351 vestem
975 307 1178 353 uxoriam
1214 308 1320 354 seri-

42 397 139 427 cam
167 380 217 425 δε
250 389 474 433 auratam;
499 394 690 438 gemmas
715 378 823 439 quin
850 380 1009 435 etiam,
1029 396 1135 442 quas
1165 381 1326 429 multas

43 454 89 500 in
118 451 372 514 repostorio
410 450 630 497 sanffiore
667 451 878 497 Hadriani
908 465 1139 514 repererat.
1169 455 1217 501 ὅ(
1249 472 1326 515 ρει·

41 526 155 572 duos
183 523 360 587 quidem
396 522 565 569 menses
606 523 703 571 haec
734 522 941 570 venditio
975 524 1192 571 celebrata
1231 527 1327 585 est,

42 611 300 661 tantumque
328 596 425 643 auri
456 596 703 653 redaEtum‚
735 608 807 651 ut,
840 597 1047 660 reliquias
1078 598 1182 644 belli
1204 601 1329 645 Mar-

43 670 299 722 comannici
326 687 381 716 ex
411 669 624 716 sententia
657 669 940 731 persecutus,
966 669 1120 732 postea
1158 672 1328 720 dederit

43 744 304 809 potestatem
333 742 605 800 emtoribus,
632 758 712 799 ut,
744 742 775 788 si
806 743 902 805 quis
931 743 1064 790 vellet
1092 759 1204 792 emta
1227 746 1330 792 red-

44 819 171 876 dere,
193 830 324 879 atque
353 832 507 862 aurum
531 814 759 878 recipere,
780 814 910 862 sciret
936 815 1094 863 licere:
1120 832 1201 864 nec
1227 832 1331 862 mo-

47 891 181 938 lestus
212 891 292 938 ulli
330 890 439 948 fuit,
479 889 555 953 qui
599 889 673 935 vel
716 905 810 936 non
845 889 1038 936 reddidit
1071 902 1217 948 emta,
1256 889 1332 936 vel

48 963 255 1012 reddidit.
281 963 415 1009 Tunc
436 961 545 1008 viris
567 959 833 1008 clarioribus
857 961 1077 1022 permisit,
1099 974 1147 1007 ut
1171 961 1333 1008 eodem

49 1038 203 1095 cultu,
235 1052 328 1100 quo
357 1036 405 1082 &
429 1033 546 1095 ipse,
583 1033 657 1079 vel
688 1032 943 1080 ministeriis
971 1034 1185 1081 similibus
1216 1050 1333 1082 con-

50 1108 182 1154 vivia
221 1106 501 1154 exhiberent.
536 1107 584 1150 ln
616 1105 802 1150 munere
841 1116 985 1151 autem
1023 1105 1208 1167 publico
1243 1118 1332 1152 tam

52 1177 360 1241 magnanimus
391 1176 504 1234 fuit,
529 1188 578 1222 ut
608 1189 788 1224 centum
820 1178 974 1226 leones
1007 1195 1097 1226 una
1128 1179 1336 1226 miffione

51 1251 181 1299 fimul
214 1248 477 1306 exhiberet,
504 1247 672 1310 sagittis
700 1247 973 1296 intersedios.

133 1325 298 1371 XVIII.
325 1323 440 1369 Cum
468 1321 600 1383 igitur
629 1320 675 1366 in
702 1336 855 1367 amore
887 1321 1092 1369 omnium
1123 1323 1336 1387 imperas-

45 1396 148 1456 -set,
181 1408 312 1458 atque
342 1395 397 1442 ab
424 1393 520 1441 aliis
551 1394 693 1441 niodo
711 1396 872 1453 frater,
898 1396 1039 1442 modo
1060 1414 1206 1459 pater,
1238 1414 1337 1444 mo-

57 1472 120 1519 do
138 1474 291 1532 filius,
320 1481 370 1515 ut
400 1466 612 1530 cujusque
643 1480 744 1515 aetas
772 1468 967 1528 finebat,
999 1471 1049 1517 &
1085 1472 1336 1530 diceretur,

60 1547 110 1592 &
129 1554 376 1597 amaretur3
406 1534 751 1587 ofitavodecimo
774 1557 895 1588 anno
925 1542 1100 1604 imperii
1119 1543 1211 1602 sui,
1243 1544 1340 1592 sex-

62 1615 252 1678 agefimo
292 1615 341 1660 δι
369 1613 536 1675 ιρτὶιῃο
583 1612 715 1670 vitae,
767 1614 881 1660 diem
925 1615 1131 1662 ultimum
1174 1616 1339 1663 claufit.

62 1686 298 1749 tantusque
323 1684 441 1732 illius
470 1700 598 1731 amor
628 1684 699 1731 die
736 1687 845 1750 regii
881 1686 1049 1735 funeris
1082 1688 1267 1746 claruit,
1294 1701 1341 1736 ut

64 1777 201 1807 nemo
220 1759 341 1805 illum
366 1758 663 1821 plangendum
683 1759 925 1818 censuerit,
944 1760 1072 1807 certis
1097 1761 1310 1808 omnibus
1325 1797 1339 1821 ,

64 1833 193 1897 quod
219 1848 243 1878 a
276 1831 379 1878 Diis
411 1831 723 1879 commodatus
745 1832 797 1878 ad
818 1833 948 1880 Deos
980 1834 1169 1882 redisset.
1197 1835 1342 1882 Deni-

65 1923 181 1971 que,
208 1904 461 1968 priustIuam
491 1903 621 1951 funus
655 1906 951 1962 conderetur,
975 1920 1023 1954 ut
1055 1909 1255 1972 plerique
1276 1910 1341 1956 di·

66 1990 202 2036 cunt,
232 1977 380 2042 (quod
407 1993 632 2039 nunquam
657 1990 785 2025 antea
818 1979 978 2028 faftum
1007 1980 1172 2034 fuerat,
1198 1998 1342 2045 neque

68 2049 244 2114 postea)
274 2051 459 2096 Senatus
486 2051 791 2113 populusque,
812 2069 905 2098 non
936 2052 1084 2100 divisis
1107 2054 1243 2113 locis,
1270 2055 1344 2101 sed

70 2124 117 2171 in
151 2140 238 2170 una
272 2123 400 2181 sede,
422 2126 650 2185 propitium
683 2127 826 2178 Deum
860 2126 987 2174 dixit.
1021 2127 1104 2174 Hic
1139 2127 1239 2173 sane
1272 2127 1344 2174 vir

70 2208 219 2242 tantus
243 2197 292 2244 &
319 2195 443 2253 talis,
465 2213 516 2242 ac
543 2197 645 2244 Diis
679 2197 770 2244 vita
795 2200 843 2246 &
870 2211 1016 2246 morte
1049 2198 1313 2260 conjunfitus
1331 2235 1346 2258 ,

72 2267 212 2314 filium
238 2269 546 2316 Commodum
576 2269 838 2334 dereliquit:
858 2271 933 2333 qui
953 2308 967 2328 ,
985 2272 1015 2317 fi
1044 2271 1152 2317 felix
1176 2272 1348 2333 suisset,

74 2339 212 2386 filium
235 2356 328 2386 non
353 2340 606 2403 reliquisset.
629 2343 682 2389 Et
707 2353 862 2404 parum
887 2343 986 2389 sane
1014 2343 1098 2389 fuit
1114 2381 1126 2400 ,
1148 2348 1271 2406 quod
1298 2348 1353 2393 il-

75 2413 108 2461 li
128 2415 326 2462 honores
349 2413 532 2462 divinos
550 2415 699 2464 omnis
718 2431 822 2464 aetas
833 2451 850 2480 ,
869 2415 1018 2464 omnis
1038 2416 1163 2464 sexus
1177 2452 1191 2479 ,
1206 2419 1355 2468 omnis

174 2490 342 2550 scripu.
374 2490 436 2536 H.
468 2493 530 2538 A.
1069 2491 1104 2535 E
