1637 2785
320 130 576 177 VERUS
628 135 1132 190 [MPERATOR.
1299 144 1353 194 81

85 235 251 293 miens,
279 235 339 282 ita
371 249 420 283 ut
445 237 619 286 levatus
647 256 747 287 cum
786 243 1070 295 stromatibus
1100 250 1146 297 in
1173 253 1361 302 cubicu-

84 309 175 354 lum
208 307 488 369 perferretur.
518 313 676 359 Somni
700 313 784 361 fuit
808 321 1084 380 permodici,
1105 324 1362 388 digestionis

84 378 321 426 facillimae.
353 381 437 428 Sed
469 385 671 442 Marcus,
692 386 787 435 haec
815 391 966 438 omnia
987 395 1107 454 quafi
1133 399 1328 448 nesciens
1346 438 1361 461 ‚

63 451 379 499 ¹dissimulabat
415 469 507 500 rem
528 491 543 514 ,
574 457 748 518 pudore
775 459 857 507 illo
880 496 895 520 ‚
924 479 979 509 ne
1020 468 1363 527 reprehenderet

83 524 280 571 fratrem.
1298 575 1301 577 -

149 598 206 643 V.
239 600 294 644 Et
325 598 599 649 notiffimum
629 601 722 664 ejus
752 605 932 667 quidem
962 607 1103 657 fertur
1134 612 1220 661 tale
1252 628 1366 663 coni

85 668 287 723 vivinm,
311 669 355 716 in
377 687 472 733 quo
497 673 690 734 primum
720 677 957 726 duodecim
978 684 1227 732 accubuisse
1253 687 1366 736 dici-

82 754 184 789 tur:
216 754 330 790 cum*
353 744 404 791 fit
436 745 707 795 notiffimum
744 751 907 799 dmum
940 754 993 801 de
1024 773 1213 806 numero
1249 778 1366 809 con-

81 815 287 863 vivarum
306 835 316 863 :
336 822 498 879 Septem
522 824 760 869 convivium
778 842 792 880 3
814 845 959 873 novem
981 849 1072 876 vero
1087 866 1097 883 ‚
1119 838 1365 884 convicium.

83 888 277 935 donatos
309 904 456 937 autem
492 908 658 953 pueros
693 894 883 943 decoros
906 933 920 956 ‚
957 900 1033 963 qui
1061 903 1367 954 ministrabant

82 959 294 1023 fingulis:
320 962 516 1010 donatos
550 965 682 1011 etiam
705 966 941 1016 stradiores
972 973 1022 1020 δι
1053 971 1200 1023 lances
1221 977 1369 1042 singu-

84 1031 140 1078 lis
164 1032 441 1098 quibusque:
472 1035 637 1082 donata
666 1038 715 1084 &
744 1039 854 1087 viva
885 1043 1089 1092 animalia
1107 1082 1122 1105 ‚
1144 1049 1216 1096 vel
1246 1050 1368 1098 cicu-

85 1120 183 1151 rum
199 1105 273 1152 vel
289 1104 479 1154 ferarum
501 1110 673 1165 avium,
696 1111 770 1158 vel
789 1115 1125 1180 quadrupedum
1140 1158 1154 1178 ,
1171 1139 1368 1184 quorum

84 1175 174 1222 cibi
202 1177 392 1237 apposni
429 1191 583 1226 erant:
612 1180 803 1229 donatos
835 1186 967 1235 etiam
998 1191 1160 1240 calices
1188 1195 1367 1257 singulis

83 1262 163 1308 per
201 1245 388 1310 fingulas
427 1249 668 1311 potiones,
699 1255 956 1305 murrhinos
995 1263 1053 1324 &s
1084 1265 1368 1327 crystaffinos

85 1323 446 1383 Alexandrinos,
469 1327 647 1388 quoties
676 1328 865 1378 bibitum
893 1334 977 1381 est:
1004 1336 1105 1384 data
1133 1338 1265 1386 etiam
1285 1358 1368 1387 au-

83 1412 155 1442 rea
198 1410 331 1458 atque
371 1414 577 1462 argentea
608 1403 770 1462 pocula
802 1407 850 1451 ἃ·
883 1421 1133 1470 gemmata:
1171 1428 1369 1462 coronas

87 1468 195 1530 quin
219 1469 350 1516 etiam
380 1472 498 1517 datas
517 1507 532 1528 ‚
560 1472 783 1522 lemniscis
818 1479 960 1526 aureis
997 1481 1297 1546 interpositiS,
1319 1490 1369 1537 δι’.

84 1541 217 1587 alieni
252 1543 466 1603 temporis
496 1544 716 1592 florinus:
747 1550 843 1594 data
881 1552 930 1597 &
967 1555 1069 1600 vasa
1103 1572 1232 1604 aurea
1265 1577 1368 1608 cum

85 1616 322 1678 unguentis
339 1651 353 1673 ‚
377 1618 432 1663 ad
453 1618 640 1679 speciem
671 1621 988 1670 alabastrorum
1010 1644 1020 1672 :
1045 1627 1143 1674 data
1164 1631 1211 1677 &
1244 1633 1369 1681 vehi·

86 1689 187 1734 cula
216 1705 315 1734 cum
341 1691 547 1737 mulabus
566 1708 617 1738 ac
646 1693 921 1742 mulionibus
941 1714 1039 1744 cum
1062 1698 1275 1759 junffiris
1297 1723 1370 1752 ar-

30 1802 34 1807 .
88 1762 285 1823 genteis,
314 1775 364 1809 ut
396 1762 454 1809 ita
478 1765 531 1811 de
557 1766 784 1813 convivio
819 1770 1025 1819 redirent.
1046 1774 1196 1823 Omne
1221 1792 1368 1826 autem

86 1834 359 1882 convivium
407 1837 669 1884 aestimatum
723 1842 884 1887 dicitur
930 1843 1121 1908 sexagies
1167 1851 1368 1900 centenis

87 1908 285 1956 millibus
329 1910 588 1960 sestertium.
633 1916 737 1960 Hoc
772 1917 1043 1963 convivium
1084 1921 1368 1985 posteaquam

87 1983 266 2029 Marcus
283 1983 479 2040 audivit,
500 1986 759 2049 ingemuiffe
781 1990 944 2036 dicitur
959 2022 978 2047 ,ν
997 1993 1046 2038 &
1075 1994 1262 2041 doluiffe
1285 2015 1369 2059 pu-

86 2054 255 2101 blicum
284 2055 436 2105 fatum.
468 2059 571 2105 Post
602 2061 896 2119 convivium,
926 2063 1065 2110 lusum
1105 2066 1165 2111 est
1201 2069 1366 2117 tesseris

87 2126 229 2188 usque
268 2128 321 2174 ad
354 2128 516 2178 lucem.
549 2134 606 2178 Et
636 2132 731 2180 haec
764 2135 944 2194 quidem
973 2137 1071 2197 post
1110 2139 1368 2190 Parthicum

87 2199 286 2247 bellum:
321 2203 376 2248 ad
408 2197 536 2265 'quod
561 2223 659 2253 eum
695 2208 849 2255 mififfe
876 2210 1038 2257 dicitur
1071 2215 1277 2272 Marcus,
1311 2232 1370 2263 ne

91 2273 163 2319 vel
197 2273 243 2318 in
277 2275 401 2320 Urbe
435 2289 537 2322 anre
577 2279 783 2325 omnium
824 2282 989 2328 oculos
1024 2300 1256 2345 peccaret,
1288 2287 1365 2336 vel

91 2360 141 2392 ut
174 2346 485 2409 parsimoniam
525 2354 885 2415 peregrinatione
923 2357 1291 2418 addisceret‚‘vel
1321 2379 1370 2412 ut

89 2419 250 2465 timore
287 2419 452 2466 bellico
482 2425 759 2473 emendatior
794 2427 987 2487 rediret,
1023 2429 1096 2475 vel
1130 2445 1180 2478 ut
1208 2431 1251 2481 se
1280 2437 1371 2489 lm·⁴

187 2495 356 2555 Scsiptt.
390 2494 453 2544 H.
483 2499 541 2544 A.
1051 2504 1082 2547 Ε
