1637 2785
321 111 624 160 DIDIUS
675 112 1110 160 IULIANUS.
1262 128 1348 177 ¹35

62 215 349 281 Sulpiciano,
370 215 587 262 Praefecto
612 214 757 274 Urbi,
776 215 933 264 socero
951 215 1221 276 Pertinacis,
1240 233 1352 266 con·

58 289 271 336 cionante
286 323 298 346 ,
318 288 487 350 sibique
506 286 750 349 imperium
769 286 1046 347 vindicante,
1067 289 1304 349 Iulianum,
1324 305 1351 338 e

58 380 190 410 muro
221 362 417 426 ingentia
439 362 753 425 pollicentem,
780 361 928 409 nullus
956 363 1235 420 admitteret;
1257 364 1347 427 pri·

57 452 180 481 mum
207 435 406 482 Julianus
430 433 607 480 monuit
641 435 939 497 praetorianos
954 469 967 493 ,
988 455 1038 482 ne
1058 438 1350 496 eumfacerene

57 510 359 569 Imperatorem,
373 511 442 569 qui
459 509 710 554 Pertinacem
730 510 986 555 vindicaret:
999 508 1158 557 deinde
1176 510 1344 575 scripsit

55 580 102 627 in
124 580 309 638 tabulis,
318 582 368 642 se
391 583 606 628 Commodi
628 585 866 627 memoriam
886 584 1155 648 restituturum
1176 604 1187 626 .·
1209 596 1342 647 atque

54 652 118 699 ita
140 656 188 702 &
208 654 411 701 admissus
435 653 518 711 est,
546 655 594 701 &
614 657 863 714 Imperator
880 653 1127 718 appellatus
1143 689 1156 713 ,
1181 671 1342 718 rogan-

53 727 172 774 tibus
212 727 526 791 praetorianis,
566 747 615 774 ne
652 729 906 790 Sulpiciano
944 730 1114 792 aliquid
1150 748 1342 792 noceret,

53 803 166 861 quod
186 803 415 862 Imperator
442 800 511 865 effi
546 798 742 866 voluifflc.

120 875 192 921 111.
213 874 347 922 Tunc
370 877 391 922 J
399 875 568 922 olianus
589 874 791 922 Flavium
812 872 1045 922 Genialem
1067 875 1115 923 δι
1137 874 1340 924 Tullium

54 947 314 1009 Crispinum
346 947 554 1012 suffragiis
572 948 947 1012 praetorianorum
967 948 1203 996 Praefe&os
1224 965 1340 1011 prae-

53 1019 162 1066 torii
197 1019 329 1078 fecit,
353 1021 620 1085 stipatusque
649 1021 712 1069 est
741 1034 921 1069 caterva
944 1020 1236 1084 imperatoria·
1261 1039 1340 1086 per

53 1094 382 1151 Maurentium,
403 1094 481 1157 qui
511 1094 552 1142 se
578 1110 707 1143 antea
736 1093 994 1157 Sulpiciano
1023 1093 1340 1156 conjunxerat.

52 1165 188 1224 Sane,
212 1183 313 1213 cum
348 1167 508 1214 vicena
531 1166 670 1230 quina
699 1166 834 1212 millia
863 1165 1079 1217 militibus
1108 1166 1337 1230 promifiss

49 1238 113 1285 set
134 1275 147 1293 ‚
180 1239 349 1286 tricena
380 1238 511 1288 dedit.
543 1240 648 1285 {nde
683 1239 834 1286 habita
867 1238 1095 1286 concione
1123 1238 1342 1299 militari,

50 1311 237 1373 vespera
255 1311 302 1358 in
321 1314 533 1360 Senatum
555 1311 700 1370 venit,
722 1324 960 1375 totumque
982 1311 1021 1359 se
1038 1311 1216 1359 Senatui
1236 1328 1337 1375 pet·-

49 1386 192 1444 mitit‚
221 1387 426 1450 factoque
454 1386 871 1445 senatusconsulto,
891 1391 1139 1450 Imperator
1167 1386 1228 1434 est
1251 1404 1336 1451 ap-

51 1458 238 1520 pellatus
253 1496 265 1518 ‚
295 1462 347 1508 &
373 1458 659 1506 tribuniciam
683 1459 944 1522 potestatem
959 1495 972 1517 ,
991 1459 1058 1520 jus
1079 1459 1333 1521 proconsu-

49 1531 173 1587 lare,
211 1533 257 1579 in
291 1534 497 1597 patricias
527 1533 716 1580 familias
750 1534 945 1589 relatus,
969 1533 1168 1579 emeruit.
1199 1535 1335 1581 Uxor

50 1604 181 1651 etiam
216 1605 367 1653 Mallia
395 1606 632 1664 Scantilla,
662 1608 712 1653 &
751 1603 839 1652 filia
868 1604 960 1665 ejus
994 1606 1127 1653 Didia
1167 1606 1332 1662 Clara,

51 1679 247 1744 Augustae
278 1677 375 1725 sunt
408 1678 652 1740 appellatae.
682 1677 789 1723 Inde
815 1677 855 1724 se
884 1677 938 1723 ad
963 1676 1174 1724 Palatium
1207 1693 1333 1724 rece-

49 1749 144 1811 pit,
174 1767 315 1797 uxore
342 1766 394 1797 ac
424 1749 512 1796 filia
545 1749 652 1797 illuc
681 1749 884 1807 vocatis,
905 1749 1156 1813 trepidis&
1176 1749 1335 1797 invitis

48 1837 106 1870 eo
130 1821 481 1879 transeuntibus,
501 1821 619 1885 quasi
648 1820 736 1882 jam
756 1821 993 1870 imminens
1010 1821 1194 1869 exitium
1219 1839 1331 1884 praes
1388 1839 1393 1845 ·

48 1896 247 1960 sagirent.
279 1895 540 1944 Praefeeium
566 1896 679 1944 Urbi
708 1896 976 1944 Cornelium
998 1895 1330 1958 Repentinum,

47 1987 263 2034 generum
297 1969 447 2029 suum,
473 1969 577 2018 fecit
596 1967 642 2015 in
673 1969 822 2017 locum
853 1968 1111 2033 Sulpiciani.
1132 1970 1238 2016 Erat
1259 1968 1332 2016 in-

49 2054 168 2089 terea
184 2042 232 2088 in
249 2041 361 2090 odio
382 2041 540 2106 populi
559 2041 724 2090 Didius
742 2042 940 2090 Iulianus
957 2075 970 2098 ‚
983 2043 1045 2090 ob
1070 2042 1182 2100 hoc,
1204 2041 1333 2104 quod

49 2115 268 2163 creditum
297 2115 468 2174 fixerat,
495 2115 855 2163 emendationem
890 2129 1150 2179 temporum
1188 2115 1328 2161 Com-

47 2187 175 2236 modi
203 2188 444 2236 Pertinacis
481 2188 747 2237 au80ritate
784 2189 1103 2251 reparandam:
1136 2186 1330 2234 habeba·

47 2272 212 2323 tut-que
235 2259 322 2318 ita,
351 2260 470 2323 quasi
502 2260 664 2309 Juliani
691 2261 884 2310 consilio
908 2260 1013 2309 effet
1050 2260 1330 2308 interemtur.

45 2332 102 2379 Et
127 2330 212 2391 jam
241 2331 284 2378 hi
305 2332 494 2394 primum
511 2368 525 2391 ,
543 2333 619 2397 qui
649 2333 869 2382 Iulianum
896 2332 1037 2380 odiffe
1068 2344 1329 2396 coeperant,

48 2404 410 2465 disseminarunt,
438 2404 581 2469 prima
620 2405 765 2454 statim
802 2406 874 2454 die
916 2404 1160 2453 Pertinacis
1196 2419 1330 2454 coena

990 2478 1072 2537 14
