1714 2807
313 143 404 202 248
538 145 1390 194 FLAVIIVOPISCI

312 263 423 308 tem,
457 250 606 297 virum
641 251 884 314 insignem,
912 252 1150 311 callidum,
1178 264 1397 301 amantem
1433 252 1586 317 reipud

314 323 444 369 blicae
461 359 473 380 ‚
496 336 718 370 amantem
747 324 927 371 suorum
946 361 961 382 ,
977 326 1039 387 ⁴&
1064 326 1117 371 ad
1151 326 1329 384 omnia,
1351 343 1450 388 quae
1470 339 1587 374 tem·-

312 412 392 458 pus
422 397 674 459 quaefierat‚
699 411 925 459 paratum,
947 399 1119 445 consilii
1147 400 1316 462 semper
1345 401 1448 458 alti,
1467 417 1586 447 non-

317 483 546 531 nunquam
562 483 708 516 tamen
726 469 955 526 effrontis,
976 470 1045 516 sed
1065 472 1320 532 prudentis,
1340 472 1472 519 nimia
1492 490 1590 536 per-⁴

322 542 491 589 vicacia
517 557 665 590 motus
694 544 881 606 inquieti
912 543 1101 604 peGoris
1127 541 1479 604 comprimentis.
1509 543 1593 589 Hic

317 632 420 662 cum
438 616 629 663 tribunal
649 616 989 674 conscendisset,
1008 630 1138 679 atque
1158 615 1378 678 Augustus
1398 617 1499 664 effer
1516 633 1593 678 ap·

322 688 535 750 pellatus,
558 692 608 737 &
628 702 902 752 quaereretur
920 723 933 744 ,
963 689 1339 750 quemadmodum
1359 690 1598 736 Numeria-

324 777 406 808 nus
424 762 527 808 effet
543 762 737 819 occisus,
759 763 920 809 educto
947 761 1122 824 gladio,
1142 763 1311 822 Aprum
1339 761 1595 809 Praefeeium

324 834 526 896 praetorii
563 833 816 886 ostentans,
846 833 1080 895 percuffit;
1114 834 1277 881 addens
1304 834 1452 881 verbis
1489 834 1599 891 suis,

328 907 408 952 Hic
427 907 478 966 est
498 906 638 952 auc‘lor
656 911 767 952 necis
791 909 1052 952 Numeriani.
1070 905 1138 951 Sic
1157 909 1272 967 Aper
1293 905 1489 967 seipsum
1513 907 1602 953 foe-

327 976 480 1032 davit,
503 978 551 1023 &
580 975 856 1023 deformibus
885 977 1081 1023 consiliis
1107 993 1262 1041 agens,
1287 977 1467 1040 dignum
1502 995 1606 1025 mo-

330 1048 448 1096 ribus
477 1047 561 1095 suis
585 1044 754 1099 exitum
773 1049 904 1096 dedit.
926 1054 1051 1095 Avus
1074 1067 1198 1096 meus
1212 1050 1390 1105 retulit,
1405 1051 1446 1096 se
1463 1052 1605 1098 inter-

332 1120 458 1170 fuisse
475 1121 707 1175 concioni,
721 1139 821 1169 cum
843 1123 1118 1171 Diocletiani
1132 1140 1266 1170 manu
1286 1123 1389 1170 effet
1401 1126 1521 1187 Aper
1533 1140 1607 1172 oc-

332 1194 886 1255 cisus:percuffiffea=.1tem
910 1197 1082 1243 dicebat
1102 1196 1441 1243 Diocletianum
1456 1233 1471 1255 ‚
1489 1197 1538 1244 &
1551 1195 1610 1242 di-

333 1267 439 1314 xiffe
453 1303 465 1324 ,
487 1269 677 1314 Gloriarc
690 1304 704 1326 ,
717 1277 856 1331 Aper,
868 1275 1012 1319 AEneae
1027 1273 1170 1331 magni
1183 1274 1331 1314 dextra
1343 1272 1470 1316 cadis.
1483 1269 1610 1332 quod

336 1357 420 1402 ego
440 1341 581 1387 miror
604 1343 658 1388 de
680 1343 862 1389 homine
884 1343 1086 1399 militari3
1111 1344 1315 1404 quamvis
1335 1344 1487 1400 sciam,
1509 1345 1612 1404 plu-

337 1413 501 1469 rimos,
534 1413 631 1475 plus
663 1432 794 1477 quam
828 1415 1061 1471 militares,
1083 1418 1157 1460 vel
1186 1417 1372 1471 Graece,
1399 1415 1472 1462 vel
1495 1415 1614 1462 Lati-

338 1503 420 1543 ne,
437 1488 510 1533 vel
535 1488 831 1535 Comicorum
853 1490 1060 1552 usurpare
1078 1490 1211 1545 dicia,
1235 1489 1309 1534 vel
1332 1488 1484 1534 talium
1505 1504 1615 1550 poe-

337 1571 499 1607 tarum.
526 1561 604 1622 ipsi
634 1562 829 1624 denique
864 1561 1045 1609 Comici
1075 1563 1335 1622 plerumque
1365 1560 1425 1606 fic
1453 1559 1618 1607 milites

338 1635 589 1692 inducunt,
609 1650 656 1681 u:
678 1652 757 1682 eos
782 1636 941 1683 faciant
966 1649 1117 1683 vetera
1140 1635 1250 1680 dicia
1273 1634 1494 1696 usurpare.
1513 1651 1617 1681 nam

342 1710 391 1755 δι
407 1744 420 1765 ,
442 1710 575 1768 Lepus
601 1725 685 1755 tute
708 1728 747 1756 es
763 1746 775 1766 ‚
794 1709 836 1755 G·
855 1714 1167 1769 pulpamentum
1190 1710 1360 1769 quaeris,
1383 1707 1500 1753 Livii
1528 1710 1618 1753 An·

341 1781 520 1827 drouici
542 1782 705 1827 dictum
725 1783 809 1835 est;
828 1784 1051 1844 multaque
1070 1782 1152 1828 alia
1169 1816 1180 1838 ‚
1202 1796 1303 1842 quae
1324 1779 1503 1825 Plautus
1521 1780 1621 1824 (3ae-

343 1852 557 1914 ciliusque
578 1853 831 1914 posuerunt.
855 1854 1094 1900 Curiosum
1121 1869 1214 1898 non
1235 1863 1374 1914 puto,
1394 1867 1536 1913 neque
1559 1850 1621 1896 sa·-

343 1925 402 1972 tis
429 1926 639 1989 vulgare,
667 1926 873 1974 fabellam
895 1929 947 1974 de
977 1927 1274 1973 Diocletiano
1302 1924 1504 1987 Augusto
1534 1939 1624 1984 po·-

346 2014 454 2044 nere
478 2000 567 2045 hoc
590 2000 934 2046 convenientem
965 2000 1096 2055 loco,
1125 2015 1226 2061 quae
1257 1997 1322 2043 illi
1359 1998 1456 2042 data
1486 1995 1545 2042 est
1568 1995 1624 2045 ad

347 2086 485 2115 omen
511 2070 696 2132 imperii.
717 2073 752 2117 A
765 2088 842 2117 vus
865 2088 985 2118 meus
1000 2071 1105 2117 mihi
1123 2070 1301 2127 retulit,
1316 2070 1372 2115 ab
1391 2069 1486 2130 ipso
1505 2068 1625 2115 Dio-

350 2142 548 2191 cletiano
575 2156 873 2205 compertum.
900 2145 1014 2192 Cum
1050 2142 1269 2207 (inquit)
1310 2141 1628 2191 Diocletianus

350 2217 468 2279 apud
485 2219 721 2280 Tungros,
738 2216 781 2263 in
799 2217 946 2265 Gallia
970 2218 1158 2279 quadam
1181 2217 1226 2262 in
1249 2232 1451 2277 caupona
1474 2229 1627 2266 mora·-

349 2302 495 2345 xetur‚
525 2289 570 2336 in
600 2289 848 2336 minoribus
877 2290 1022 2337 adhuc
1055 2289 1168 2336 locis
1198 2288 1420 2346 militans,
1447 2289 1496 2335 &
1525 2302 1627 2334 cum

353 2362 530 2415 Druide
573 2364 762 2425 quadam
802 2363 987 2410 muliere
1033 2365 1253 2410 rationem
1295 2361 1528 2409 convictus
1564 2359 1629 2409 sui

352 2435 607 2506 quotidiani
636 2435 835 2497 faceret,
861 2449 994 2502 atque
1023 2434 1099 2484 illa
1128 2434 1319 2493 diceret,
1342 2434 1630 2489 Diocletiane»,
