1714 2807
294 141 389 217 ,86
587 140 787 189 JULH
837 140 1342 188 CAP1TOL1N1

326 258 422 300 tes,
453 242 497 288 in
534 243 706 290 Urbem
744 242 982 290 destinatus
1022 242 1110 290 est:
1139 244 1211 290 sed
1253 261 1346 290 non
1383 243 1518 308 longe
1541 236 1608 293 ¹ab

321 314 484 364 'Altino
505 317 651 363 subito
675 317 721 363 in
747 316 962 365 vehiculo
989 317 1177 375 morbo,
1205 333 1335 379 quem
1363 318 1608 380 apoplexin

324 405 526 450 vocant,
554 406 788 455 correptus
819 391 1012 450 Lucius,
1041 392 1265 453 depositus
1295 410 1320 438 e
1358 392 1574 440 vehiculo
1594 427 1610 450 ,

324 466 522 513 detraRO
551 465 760 529 sanguine
788 464 997 520 Altinum,
1022 466 1256 526 perduchis
1280 499 1295 522 ,
1328 481 1428 512 cum
1457 464 1610 513 triduo

325 551 478 584 mutus
505 536 710 594 vixisset,
733 535 851 598 apud
881 536 1084 582 Altinum
1117 535 1263 598 periit.

392 611 450 656 X.
482 610 582 656 Fuit
601 609 774 667 sermo,
795 611 918 670 quod
940 611 990 656 ὅ(
1015 609 1190 656 socrum
1217 609 1460 656 Faustinam
1487 609 1611 656 ince-

308 683 483 751 Γίὶῑιίῖοῐ.
515 685 565 731 δε
601 683 768 730 dicitur
806 683 1020 729 Faustinae
1061 683 1213 730 socrus
1251 684 1389 742 dolo,
1432 683 1611 744 aspersis

327 757 482 803 ostreis
522 773 703 802 veneno
731 757 970 804 exstinc'ms
991 757 1073 803 effe
1099 775 1109 804 ε
1132 756 1306 803 idcirco
1321 792 1335 814 ‚
1354 757 1480 818 quod
1499 773 1613 804 con-

329 829 606 876 suetudinem
628 865 642 887 ,
663 846 794 893 quam
824 846 925 876 cum
955 842 1095 875 matre
1115 830 1331 875 habuerat
1347 863 1360 886 ,
1378 827 1480 874 filiae
1500 845 1614 890 pro-¹

327 902 526 949 didisset:
555 902 764 966 quamvis
793 904 842 950 &
867 902 939 948 illa
962 902 1139 958 fabula,
1160 917 1260 964 quae
1286 901 1331 947 in
1355 901 1496 948 Marci
1518 901 1613 949 vita

329 975 474 1039 polita
505 975 566 1022 est
588 1010 603 1034 ‚
635 975 878 1021 abhorrens
908 990 933 1020 a
969 973 1068 1020 talis
1101 973 1190 1019 viri
1221 973 1312 1019 vita
1338 974 1388 1019 fit
1419 986 1614 1023 exorta:

326 1067 430 1098 cum
472 1049 601 1096 multi
642 1050 773 1095 etiam
807 1048 943 1095 uxori
974 1047 1066 1107 ejus
1102 1046 1319 1110 flagitium
1354 1048 1511 1095 mortis
1546 1048 1616 1095 as-

327 1123 501 1187 signent
517 1161 529 1180 ‚
551 1123 723 1170 idcirco
748 1123 875 1186 quod
894 1123 1036 1168 Fabiae
1052 1122 1238 1168 nimium
1261 1121 1499 1169 indulserat
1518 1124 1615 1169 Ve-

326 1213 432 1255 rus,
457 1196 582 1257 cujus:
615 1197 862 1259 potentiam
901 1212 1020 1242 uxor
1049 1194 1176 1241 Lucii
1211 1194 1287 1240 vel
1318 1194 1462 1242 Marci
1499 1193 1614 1241 ferre

326 1286 425 1317 non
466 1270 621 1332 postet.
651 1270 796 1315 Tanta
835 1269 934 1315 sane
975 1268 1247 1315 familiaritas
1277 1267 1397 1314 inter
1428 1267 1615 1315 Lucium

328 1346 380 1392 &
404 1344 579 1391 Fabiam
608 1344 808 1389 sororem
838 1343 948 1396 fuit,
971 1356 1018 1389 ut
1037 1342 1127 1388 boc
1156 1357 1339 1404 quoque
1364 1341 1616 1403 usurpave-

328 1418 387 1465 rit
417 1433 598 1474 rumor,
628 1419 753 1480 quod
781 1418 960 1464 inierint
991 1416 1226 1464 confilium
1263 1417 1316 1462 ad
1348 1418 1549 1462 Marcum
1590 1431 1616 1463 e

327 1489 428 1536 vita
460 1490 725 1537 tollendum.
745 1490 883 1553 idque
904 1507 1007 1538 cum
1036 1489 1138 1536 efi'et
1164 1506 1241 1552 per
1264 1489 1537 1552 Agaclytum
1557 1488 1616 1535 li-

326 1565 504 1612 bertum
539 1563 764 1627 proditum
792 1566 1097 1620 Marco,ante
1139 1564 1386 1610 adventum
1424 1562 1616 1611 Lucium

330 1636 534 1682 Faustina
568 1653 676 1684 nece
708 1650 998 1697 praevenerat.
1034 1635 1132 1681 Fuit
1158 1636 1350 1682 decorus
1381 1651 1614 1698 corpore,

328 1712 463 1755 vultu
496 1724 740 1773 gemmatus
761 1744 773 1765 ‚
800 1710 933 1755 barba
970 1724 1112 1770 prope
1146 1707 1375 1754 barbarice
1404 1707 1580 1755 demiss‘a
1599 1742 1616 1767 ,

328 1799 574 1848 procerus,
598 1784 646 1829 δε
674 1781 824 1828 fronte
856 1783 899 1828 in
927 1781 1159 1841 supercitia
1194 1781 1450 1828 adductiore
1479 1797 1617 1828 vene-

330 1856 493 1902 rabilis.
519 1856 699 1902 Dicitur
726 1854 827 1901 sane
854 1868 1019 1902 tantam
1041 1855 1238 1901 babuiffe
1261 1871 1411 1901 curam
1438 1853 1616 1900 flaven-

330 1929 444 1976 tium
480 1930 744 1991 capillorum
763 1965 775 1985 ‚
804 1941 853 1975 ut
879 1929 1013 1990 capiti
1048 1928 1144 1975 auri
1173 1945 1372 1975 ramenta
1396 1927 1617 1991 resperge-

330 2015 427 2059 ret,
447 2017 541 2064 quo
564 2002 701 2063 magis
722 2017 850 2048 coma
876 2000 1122 2047 illuminata
1149 1999 1417 2047 flavesceret.
1445 1999 1616 2063 Lingua

329 2075 594 2139 impeditior
619 2075 715 2122 fuit.
741 2076 847 2122 aleae
880 2075 1206 2138 cupidiffimus:
1231 2074 1336 2122 vitae
1356 2073 1525 2137 semper
1542 2073 1616 2120 lu-

328 2148 526 2196 xuriosae
547 2184 560 2205 ‚
594 2162 724 2211 atque
745 2149 789 2194 in
823 2149 1025 2200 pluribus
1055 2149 1178 2195 Nero
1196 2183 1208 2205 ,
1238 2160 1399 2209 praeter
1425 2145 1617 2195 crudeli-

330 2235 466 2269 tatem
500 2224 547 2270 &
579 2223 782 2270 ludibria.
814 2223 977 2269 Habuit
1003 2223 1119 2269 inter
1138 2222 1272 2268 alium
1310 2221 1500 2268 luxuriae
1533 2237 1616 2282 ap-

332 2309 534 2357 paratum
570 2296 750 2343 calicem
787 2295 1092 2360 crystallinum
1131 2295 1314 2341 nomine
1346 2295 1616 2350 Volucrem,

333 2385 388 2415 ex
423 2368 513 2427 ejus
535 2369 635 2430 equi
666 2369 880 2426 nomine,
906 2386 1038 2431 quem
1075 2369 1262 2427 dilexit,
1282 2368 1490 2416 humanae
1527 2382 1615 2430 po-

333 2440 470 2488 tionis
501 2442 688 2488 modum
727 2440 1059 2505 supergrefl‘um.
