1714 2807
306 152 397 200 266
519 154 1383 203 AELIILAMPRIDII

302 261 440 308 ander
467 260 654 308 dicitur:
683 260 870 317 deinde,
892 262 1015 325 quod
1045 261 1087 308 in
1119 262 1289 324 templo
1315 260 1408 321 ejus
1437 273 1575 311 mater

301 336 434 382 enixa
460 335 542 382 est:
574 335 736 394 tertio,
762 336 883 397 quod
914 335 1043 396 ipsius
1074 352 1236 381 nomen
1267 335 1455 397 accepit:
1477 349 1574 383 tum

302 410 681 471 praeterea,.quod
709 425 851 455 ovum
878 409 1088 470 purpurei
1116 407 1310 460 coloris,
1331 408 1482 454 eadem
1503 408 1574 455 die

300 495 486 537 natum,
519 498 606 545 qua
642 481 715 526 ille
749 493 876 526 natus
912 480 1001 536 est,
1038 480 1372 540 palumbinum,
1400 480 1574 528 anicula

298 554 499 614 quaedam
519 551 646 598 matri
666 551 758 613 ejus
776 552 964 598 obtulit:
985 568 1038 597 ex
1060 567 1153 613 quo
1172 552 1348 613 quidem
1369 553 1574 616 haruspi-

300 643 373 673 ces
397 628 635 684 dixerunt,
663 631 979 688 Imperatorem
1007 626 1183 688 quidem
1206 626 1329 673 illum
1345 663 1358 684 ‚
1380 628 1451 674 sed
1476 644 1572 674 non

299 699 375 745 diu
408 699 631 756 futurum,
669 702 716 746 &
754 700 845 746 cito
880 700 930 745 ad
963 698 1198 760 imperium
1235 712 1573 761 perventurum.

299 784 394 819 tum
433 787 666 833 praeterea,
704 772 829 835 quod
865 772 1011 817 tabula
1045 771 1224 831 Trajani
1259 773 1574 833 Imperatoris,

296 859 398 904 quae
421 843 577 904 geniali
599 842 712 888 lecto
731 840 861 903 patris
882 840 1169 898 imminebat,
1185 842 1288 886 dum
1310 856 1446 888 mater
1469 860 1572 889 eum

297 913 342 959 in
372 917 540 974 templo
573 926 769 975 pareret,
803 913 844 959 in
873 913 1029 959 buum
1064 911 1154 971 ejus
1185 914 1360 961 decidit.
1392 916 1470 961 His
1494 931 1572 962 ac-

297 988 440 1042 cessit,
463 989 586 1050 quod
617 987 766 1033 nutrix
797 987 834 1032 ei
865 986 1104 1050 Olympias
1132 988 1227 1032 dara
1255 989 1339 1040 est,
1366 1005 1456 1051 qno
1482 1005 1570 1034 no-

296 1063 414 1106 mine
447 1077 584 1107 mater
613 1061 851 1106 Alexandri
883 1060 1098 1122 appellata
1133 1062 1201 1105 etl.
1234 1062 1442 1107 Narritor
1470 1061 1574 1107 Phi-

296 1134 444 1194 lippus
476 1134 688 1195 provenit
726 1134 822 1179 casu
853 1150 964 1179 unus
1002 1150 1053 1178 ex
1094 1134 1290 1188 rusticis,
1322 1136 1444 1195 quod
1482 1152 1571 1182 no-

295 1226 398 1256 men
434 1209 543 1270 parri
574 1209 812 1255 Alexandri
848 1208 994 1271 Magni
1028 1208 1122 1254 fuit,
1158 1211 1306 1255 Fertur
1331 1210 1401 1255 dre
1430 1210 1570 1271 prima

295 1282 451 1329 natalis
479 1281 571 1340 ejus
601 1296 701 1329 toto
736 1283 805 1328 die
833 1284 945 1343 apud
986 1286 1142 1328 Arcam
1172 1283 1412 1329 C‘z-saream
1451 1284 1569 1331 stella

294 1356 450 1416 primae
479 1356 797 1417 magnitudinis
827 1356 941 1412 visa,
969 1358 1014 1402 ὅ(
1051 1354 1110 1400 iol
1139 1355 1249 1400 circa
1277 1355 1458 1401 domum
1494 1372 1570 1416 pa·

293 1429 371 1472 tris
405 1427 497 1483 ejus
526 1428 695 1491 fulgido
729 1428 895 1473 ambitu
926 1441 1184 1472 coronatus.
1216 1427 1331 1472 Cum
1368 1426 1460 1486 ejus
1488 1444 1570 1473 na-

291 1500 423 1546 talem
440 1501 689 1562 haruspices
703 1501 1084 1555 commendarent,
1097 1499 1434 1555 dixeruni‚eum
1453 1499 1569 1546 sum-

291 1589 410 1619 mam
436 1590 582 1629 rerum
618 1588 865 1628 tenturum,
895 1572 1064 1620 idcirco
1099 1574 1220 1633 quod
1250 1571 1403 1618 hostiae
1436 1573 1488 1618 de
1519 1589 1570 1620 ea

293 1645 429 1701 villa,
447 1663 545 1708 quae
571 1647 672 1692 effer
692 1647 844 1693 Severi
864 1647 1148 1709 Imperatoris
1164 1646 1384 1702 ,adductae
1408 1645 1570 1704 essent,

291 1718 342 1764 &
366 1735 472 1779 quas
498 1720 542 1765 in
571 1719 685 1765 illius
711 1721 930 1765 honorem
955 1719 1111 1766 coloni
1134 1717 1361 1781 parassent.
1388 1719 1499 1764 Nata
1520 1718 1568 1766 in

290 1791 433 1838 domo
455 1793 602 1839 laurus
620 1793 743 1853 juxta
765 1793 917 1855 perfici
938 1795 1141 1839 arborem
1159 1830 1171 1849 ,
1196 1793 1308 1839 intra
1333 1808 1465 1838 unum
1488 1809 1569 1838 an-

289 1881 398 1911 num
428 1867 580 1927 perfici
609 1869 813 1913 arborem
841 1867 964 1913 vicit.
988 1867 1105 1912 unde
1129 1866 1261 1912 etiam
1289 1865 1568 1927 conjectores

291 1935 530 1990 dixerunt,
555 1937 701 1984 Persas
724 1939 779 1983 ab
798 1955 854 1984 eo
874 1938 959 1983 effe
983 1938 1242 1984 vincendos.
1614 1930 1621 1933 i

357 2009 480 2055 XlV.
505 2009 651 2055 Mater
674 2010 766 2070 ejus
797 2011 962 2070 pridie,
987 2028 1118 2072 quam
1147 2020 1342 2071 pareret,
1371 2009 1567 2057 somnia-i

291 2079 385 2137 vit‚
414 2080 455 2128 se
483 2099 751 2145 purpureum
780 2085 1102 2132 dracunculum
1137 2101 1302 2146 parere.
1333 2085 1459 2130 Pater
1491 2095 1570 2130 εει-ι·

290 2153 390 2200 dem
423 2157 553 2202 nofle
580 2156 625 2202 in
660 2155 843 2203 somniis
878 2157 1019 2214 vidit,
1051 2158 1128 2204 alis
1159 2158 1200 2203 se
1233 2158 1448 2203 Romanae
1483 2157 1569 2204 Vi-

290 2229 469 2288 ctoriae,
491 2248 589 2294 quae
615 2231 660 2277 in
681 2235 870 2290 Senatu,
896 2233 948 2278 ad
979 2233 1148 2279 coelum
1170 2232 1291 2279 vehi.
1323 2231 1443 2292 Ipse,
1464 2247 1566 2278 cum

290 2317 438 2350 vatem
482 2305 735 2352 consuleret
771 2307 825 2353 de
863 2305 1057 2362 futuris,
1088 2306 1171 2353 hos
1200 2305 1411 2367 accepisse
1453 2303 1570 2354 dici-3

291 2387 365 2421 rur
398 2378 549 2426 versus
577 2379 724 2429 adhuc
744 2381 1056 2444 parvulus5&
1075 2380 1231 2445 primis
1261 2378 1441 2444 quidem
1468 2376 1569 2435 sot-2

292 2447 437 2498 tibus:
