1714 2807
294 173 360 221 74
548 160 760 207 JULH
807 161 1322 212 CAPITOLINI

298 277 450 313 ceatur
469 302 480 322 ‚
512 267 584 314 sed
615 267 817 316 resediffe
851 271 970 333 apud
1003 273 1302 331 Ravennam,
1333 286 1466 337 atque
1501 274 1594 325 illic

298 353 516 402 patratam
545 342 708 389 audiffe
744 344 979 392 vistoriam
999 365 1009 393 :
1029 360 1077 393 ut
1099 348 1212 395 mihi
1238 348 1448 397 videatur
1474 349 1592 398 idem

300 412 384 459 esse
405 414 664 476 Pupienus,
683 415 762 480 qui
783 417 1007 465 Maximus
1028 419 1208 468 dicitur.

363 487 511 535 XVII.
536 489 692 548 Quare
717 489 850 538 etiam
873 493 1211 555 gratulatoriam
1231 494 1465 556 epistolam
1493 494 1595 542 sub-

299 559 416 620 didi,
442 578 542 624 quae
563 563 724 626 scripta
745 564 806 611 est
833 582 857 611 a
878 566 1079 614 Consule
1100 567 1163 614 sui
1184 568 1402 628 temporis
1429 570 1483 615 de
1504 570 1595 614 Pu-

299 633 438 695 pieno
460 635 509 682 &
533 636 751 695 Balbino,
770 637 817 685 in
842 654 928 700 qua
954 640 1158 697 laetatur,
1174 641 1391 690 redditam
1418 641 1474 688 ab
1499 641 1595 696 his,

299 707 400 769 post
430 708 629 755 latrones
658 710 925 773 impr0b05‚
951 712 1036 758 effe
1069 713 1420 773 rempublicam:
1445 718 1598 776 Pupie-

241 824 243 829 .
300 801 356 828 no
387 782 428 830 δ’
458 785 645 829 Balbino
674 786 878 850 Augustis
908 786 1118 832 Claudius
1141 787 1358 834 Julianus.
1389 790 1492 833 Cum
1508 790 1598 848 pri·

300 876 412 903 mum
439 858 561 903 Iovis
594 860 762 918 Optimi
787 862 982 906 Maximi
1009 859 1051 907 δ’
1079 864 1271 908 Deorum
1295 863 1596 907 immortalium

301 932 553 992 Senatusque
569 934 769 990 judicio,
788 931 832 979 G·
862 934 1058 993 consensit
1084 936 1245 995 generis
1266 936 1443 980 humani
1459 935 1599 994 susce-

294 1000 398 1066 piffi}
425 1021 498 1050 vos
526 1007 820 1065 rempublicam
848 1024 876 1051 a
897 1006 1054 1065 nefarii
1072 1009 1252 1052 latronis
1262 1007 1410 1067 scelere
1418 1007 1598 1066 servan-

301 1080 400 1122 darn
417 1113 429 1134 ,
449 1081 777 1141 reddendamque
801 1083 1011 1126 Romanis
1037 1084 1195 1142 legibus
1208 1114 1219 1136 ,
1236 1080 1600 1140 dorninisanc‘iifi·

289 1150 395 1213 fimi
426 1149 470 1198 G·
501 1152 758 1215 invic‘iiffi'mi
793 1155 1000 1221 Augusti,
1033 1171 1287 1215 quamquam
1322 1155 1508 1198 nondum
1545 1170 1600 1196 ex

243 1229 250 1234 “
301 1224 437 1288 vestris
470 1227 625 1283 literis,
644 1226 728 1286 sed
758 1243 894 1272 tamen
922 1246 976 1272 ex
1011 1229 1151 1282 SCco,
1193 1227 1309 1285 quod
1335 1226 1403 1269 vir
1430 1223 1600 1286 clariffi-

302 1314 395 1341 mus
429 1299 569 1358 Celsus
598 1303 805 1346 AElianus
843 1304 998 1362 collega
1033 1298 1346 1360 transmiserat,
1383 1295 1599 1356 comperifi

293 1368 413 1427 sem:
448 1374 687 1430 gratulatus
708 1362 809 1432 sum
844 1373 937 1416 urbi
968 1373 1138 1426 Romae,
1174 1369 1298 1426 cujus
1329 1372 1389 1413 ad
1423 1368 1600 1426 salutem

303 1442 394 1504 ssis
415 1441 523 1487 elec‘li
539 1461 555 1488 .·
570 1447 808 1505 gratulatus
827 1447 1004 1490 Senatui
1021 1478 1034 1497 ,
1056 1444 1175 1498 cujus
1183 1461 1263 1502 pro
1272 1442 1443 1498 judicio
1456 1475 1469 1497 ‚
1490 1443 1603 1500 quod
1672 1449 1674 1451 ’

305 1518 351 1560 in
374 1534 449 1562 vos
477 1518 626 1562 habuit
643 1549 658 1573 ,
683 1519 917 1583 reddidistis
938 1518 1163 1583 pristinam
1202 1517 1446 1576 dignitatern
1463 1530 1480 1560 .·
1505 1531 1604 1575 gra-

304 1592 461 1635 tulatus
488 1591 648 1647 Italiae,
677 1609 800 1650 quam
827 1593 1113 1636 cummaxima
1133 1590 1185 1634 ab
1202 1588 1383 1652 hostibus
1402 1588 1603 1651 vastatio·

305 1679 355 1706 ne
380 1661 645 1726 dfindislis:
674 1666 912 1725 gratulatus
935 1663 1198 1723 provinciis,
1224 1679 1329 1722 quas
1359 1661 1605 1720 inexplebili

304 1736 485 1779 avaritia
518 1752 794 1796 tyrannorum
828 1739 1034 1781 laceratas
1066 1738 1125 1780 aa'
1143 1735 1260 1794 spem
1282 1734 1445 1794 salutis
1480 1736 1604 1778 redu-

262 1803 269 1812 *
305 1808 446 1873 xistis:
472 1809 645 1868 denique
675 1811 905 1870 legionibus
944 1809 1040 1871 ipsis
1066 1807 1109 1856 δ’
1137 1811 1351 1864 auxiliis,
1385 1824 1475 1867 quae
1507 1808 1605 1851 ubi·

304 1899 379 1941 que
401 1897 596 1927 terrarum
609 1882 703 1936 jam
729 1886 867 1927 vultus
885 1884 1030 1947 vestros
1055 1885 1266 1937 adorant,
1289 1884 1360 1941 qui
1381 1915 1394 1936 ‚
1423 1879 1611 1943 deposito·

304 1956 491 1999 dedecore
513 1955 692 2020 pristino
709 1990 720 2009 ‚
748 1974 859 2000 nunc
886 1958 930 2000 in
959 1956 1079 2021 vestro
1107 1957 1277 2000 nomine
1302 1954 1480 2014 dignam
1511 1956 1605 1997 Ro-

292 2029 425 2073 mani
450 2030 718 2088 principatus
743 2028 921 2088 speciem
961 2042 1199 2088 receperunt.
1242 2027 1451 2087 Quocirca
1485 2030 1606 2071 nulla

304 2119 393 2146 vox
409 2100 567 2159 fortis,
605 2106 724 2147 nulla
754 2105 888 2147 oratio
901 2102 1048 2160 felix,
1076 2106 1241 2147 nullum
1271 2101 1483 2161 ingenium
1515 2115 1604 2145 tam

294 2173 545 2231 foecundum
574 2191 758 2234 unquam
776 2175 931 2233 fuerit,
955 2177 1064 2235 quod
1077 2173 1203 2236 poffit
1226 2175 1438 2233 publicam
1454 2172 1607 2231 felici·

308 2264 431 2292 tatem
457 2250 578 2309 digne
599 2251 837 2309 exprimere.
868 2250 972 2309 Qun
997 2265 1156 2308 quanta
1177 2246 1219 2294 ὃ·
1236 2247 1474 2306 cujusmodi
1480 2247 1604 2310 sint,

286 2375 288 2377 r
294 2321 393 2378 jam
423 2323 469 2366 in
495 2323 586 2383 ipso
618 2325 790 2368 exordio
817 2324 1086 2382 principatus
1115 2322 1233 2387 vestri
1271 2323 1502 2384 cognoscere
1527 2338 1606 2380 po·

304 2396 487 2451 tuinzus,
509 2396 580 2454 qui
605 2397 713 2456 leges
749 2396 994 2448 Romanas,
1025 2398 1334 2455 aeqtcitatemque
1369 2395 1572 2440 abolitam
1589 2428 1605 2450 ,

307 2463 350 2511 δ’
376 2468 655 2528 clementiam,
680 2475 779 2529 quae'
785 2467 880 2525 jam
912 2470 1033 2514 nulla
1062 2483 1172 2522 erat,
1199 2462 1242 2512 ἕν’
1268 2462 1421 2525 vitam,
1445 2462 1488 2511 δ’
1513 2482 1606 2517 mo:
