1637 2785
292 109 553 156 VERUS
602 76 1105 157 IMPERATdR.
1270 130 1332 177 79

55 216 228 279 scripta.
258 214 469 277 siquidem
507 213 674 261 multos
705 214 891 262 disertos
917 217 965 264 δὲ
993 218 1191 265 eruditos
1223 218 1335 265 sem—

55 307 134 352 per
161 290 302 336 secum
332 287 527 334 habuisse
554 287 726 335 dicitur.
748 288 1045 336 Educatorem
1072 290 1227 338 habuit
1255 294 1340 339 Ni-

56 361 302 410 comedem.
342 359 444 406 Fuit
479 359 793 422 voluptuarius
832 361 881 407 &
924 360 1054 407 nimis
1094 361 1252 420 laetus,
1291 365 1341 412 δι

56 434 265 482 omnibus
292 431 494 489 deliciis,
522 432 662 490 ludis,
693 431 807 491 jocis
844 433 1051 479 decenter
1084 434 1341 496 aptissimus.

56 506 156 554 Post
180 505 416 566 septimum
445 521 610 551 annum
630 503 677 550 in
702 503 912 551 familiam
933 505 1162 564 Aureliam*
1190 508 1341 553 tradu-

55 581 149 627 &us
170 614 183 637 ,
218 578 358 626 Marci
391 577 591 625 moribus
622 579 671 625 &
706 578 971 625 au&oritate
1010 578 1230 626 formatus
1266 581 1356 643 est„

54 652 238 700 Amavit
266 664 480 710 venatus,
507 650 726 714 palaestras
745 686 759 710 ,
783 653 832 699 &
859 652 1011 698 omnia
1037 652 1249 700 exercitia
1275 651 1341 713 ju-

56 726 270 774 ventutis.
294 725 481 787 Fuitque
501 724 703 788 privatus
724 725 771 772 in
792 726 933 772 domo
960 725 1247 789 imperatoria
1273 728 1346 777 vi-

57 800 169 864 ginti
199 801 249 847 &
276 800 416 846 tribus
448 799 592 846 annis.

136 876 209 920 111.
229 875 332 934 Qua
352 873 424 920 die
443 886 594 936 togam
614 872 793 920 virilem
816 874 960 921 Verus
978 874 1151 936 accepit
1167 912 1182 935 ‚
1204 878 1348 923 Anto-

57 947 189 996 ninus
214 950 316 994 Pius
342 964 390 994 ea
418 947 682 1003 occasione,
704 964 792 1011 qua
819 947 953 1010 patris
978 950 1194 1011 tempium
1221 950 1347 996 dedi-

59 1021 213 1079 cabat,
238 1021 410 1083 populo
435 1020 629 1066 liberalis
652 1019 757 1066 fuit:
787 1019 1049 1084 mediusque
1076 1022 1193 1069 inter
1220 1023 1347 1069 Pium

58 1095 107 1140 &
127 1096 329 1140 Marcum
352 1094 469 1139 idem
488 1091 647 1138 resedit
664 1127 679 1148 ,
695 1108 797 1139 cum
819 1092 1036 1152 Quaestor
1057 1094 1235 1156 populo
1251 1112 1347 1140 mu-

59 1181 142 1210 nus
167 1166 301 1212 daret.
330 1163 432 1210 Post
461 1163 732 1226 quaesturam
752 1161 1098 1209 statimConsul
1123 1164 1183 1210 est
1211 1165 1349 1213 fufius

60 1254 162 1284 cum
186 1235 373 1284 Sextilio
399 1238 636 1283 Laterano.
662 1234 904 1295 interjeffls
925 1235 1078 1294 annis,
1099 1254 1201 1284 cum
1225 1240 1349 1285 Mar-

60 1327 118 1359 co
150 1310 285 1358 fratre
314 1311 477 1357 iterum
507 1310 643 1357 sacius
680 1308 739 1356 est
771 1308 959 1357 Consul.
986 1309 1084 1357 Diu
1115 1325 1262 1358 autem
1299 1314 1349 1361 &

61 1383 260 1445 privatus
286 1382 400 1439 fuit,
421 1385 470 1431 δι
489 1399 537 1429 ea
556 1380 908 1430 honorificentia
931 1383 1100 1442 caruit,
1122 1402 1207 1446 qua
1229 1387 1350 1432 Mar-

63 1471 142 1502 cus
172 1455 433 1502 ornabatur.
464 1455 670 1517 Namque
696 1453 742 1500 in
772 1454 935 1499 Senatu
960 1466 1062 1501 ante
1085 1455 1348 1518 quaesturam

61 1545 155 1575 non
191 1527 326 1584 sedit;
362 1543 506 1589 neque
539 1526 586 1573 in
625 1526 783 1573 itinere
819 1543 922 1574 cum
956 1539 1108 1588 patre,
1136 1528 1208 1574 sed
1246 1546 1349 1576 cum

62 1600 275 1663 praefefio
304 1599 503 1662 praetorii
533 1600 683 1646 vec‘tus
712 1599 797 1646 est:
825 1615 908 1646 nec
933 1599 1052 1646 aliud
1083 1600 1125 1647 ei
1153 1601 1351 1649 honori-

65 1673 258 1720 ficentiae
285 1674 339 1719 ad
367 1689 533 1739 nomen
557 1671 812 1734 adjunfium
833 1670 894 1718 est
911 1707 926 1729 ,
944 1688 1077 1735 quam
1103 1675 1230 1736 quod
1254 1680 1350 1722 Αιι-

61 1748 166 1813 gusti
180 1747 303 1806 filius
334 1744 395 1791 est
412 1744 682 1807 ⁴appellatus.
708 1743 806 1790 Fuit
839 1743 1057 1792 studiosus
1086 1745 1219 1792 etiam
1247 1749 1352 1794 Cir-

64 1819 257 1865 censium
273 1854 287 1875 ,
310 1818 431 1864 haud
451 1818 578 1864 aliter
599 1834 732 1880 quam
754 1816 1008 1880 gladiatorii
1034 1819 1246 1867 muneris.
1263 1820 1353 1870 Hic

65 1910 165 1939 cum
189 1893 322 1940 tantis
345 1891 602 1939 deliciarum
623 1893 673 1939 ὅτ,
691 1891 882 1937 luxuriae
903 1903 1161 1954 quateretur
1180 1895 1349 1941 errori-

34 2000 37 2003 ·
66 1966 147 2013 bus
165 2003 179 2024 ,
200 1967 256 2013 ab
287 1965 529 2014 Antonino
561 1965 740 2011 videtur
771 1965 833 2010 ob
861 1964 951 2011 hoc
979 1975 1205 2023 retentus,
1225 1969 1351 2029 quod

65 2055 167 2086 eum
192 2053 311 2103 pater
337 2041 398 2087 ita
433 2039 478 2086 in
510 2037 804 2101 adoptionem
837 2036 904 2083 Pii
936 2037 1118 2084 transire
1149 2037 1351 2098 jusserat,

65 2125 113 2158 ut
147 2126 357 2176 nepotem
387 2114 657 2176 appellaret:
687 2112 790 2170 cui,
812 2126 1028 2176 quantum
1061 2112 1267 2169 videtur,
1297 2111 1352 2157 fi-

68 2187 167 2232 dem
187 2186 408 2241 exhibuit,
429 2203 524 2232 non
545 2202 761 2233 amorem.
783 2185 967 2231 Amavit
989 2197 1134 2231 tamen
1155 2184 1353 2231 Antoni-

68 2274 151 2304 nus
171 2256 273 2304 Pius
297 2258 619 2321 simplicitatem
642 2257 811 2322 ingenii
833 2257 1162 2320 puritatemque
1186 2257 1354 2305 viven-

67 2329 137 2386 di,
157 2330 449 2394 hortatusque
470 2331 529 2377 est
545 2366 560 2389 ,
587 2343 634 2378 ut
661 2331 910 2378 imitaretur
925 2367 941 2387 ,
964 2331 1014 2377 &
1043 2329 1237 2379 fratrem.
1254 2331 1355 2377 De-

67 2401 224 2453 functo
251 2405 365 2468 Pio,
395 2407 572 2456 Marcus
599 2405 645 2454 in
673 2422 776 2454 eum
809 2404 964 2453 omnia
994 2405 1220 2466 contulit,
1254 2421 1355 2469 par-⁴
