1714 2807
317 156 409 200 240
525 138 753 186 AEL11
821 134 1397 184 LAMPRIDII

315 246 598 310 Heliogabali
630 246 837 308 pedibus,
873 244 1058 292 sollicita
1098 244 1209 292 filio.
1246 245 1351 291 Inde
1384 243 1495 290 itum
1536 239 1596 291 est

317 322 359 368 in
384 322 574 366 hortos:
600 319 674 366 ubi
706 319 866 365 Varius
893 318 1123 364 invenitur
1148 332 1371 365 certamen
1395 319 1595 380 aurigam

315 395 358 440 di
378 410 553 456 parans,
571 391 826 454 exspectans
849 405 995 437 tamen
1017 390 1317 446 intentissime,
1335 390 1514 452 quando
1534 391 1597 435 ei⁴

316 469 415 514 dem
452 467 731 513 nuntiaretur
769 464 1069 511 consobrinus
1099 464 1287 510 occisus.
1325 464 1420 523 Qui
1450 463 1598 510 subito

316 540 508 586 militum
551 539 732 600 strepitu
771 538 1006 584 exterritus
1036 537 1082 582 in
1116 538 1324 599 angulum
1367 538 1409 583 se
1440 537 1600 583 condi·

315 613 400 670 dit,
433 612 702 674 objeEluque
732 610 822 658 veli
856 610 1152 664 cubicularis,
1182 611 1307 670 quod
1333 611 1377 656 in
1406 609 1600 656 introitu

315 699 408 732 erat
439 685 661 740 cubiculi,
688 683 729 729 se
762 682 884 728 texit.
912 683 1031 728 Misit
1055 698 1108 728 ex
1134 681 1378 739 Praefedis,
1410 683 1521 728 alios
1544 678 1600 728 ad

314 759 671 822 compescendos
693 757 854 801 milites
884 755 928 800 in
955 756 1121 813 castra,
1153 757 1265 802 alios
1294 771 1406 802 vero
1436 755 1489 801 ad
1520 767 1601 801 eos

316 832 559 896 placandos
577 865 589 888 ,
613 829 689 891 qui
706 828 790 885 jam
818 828 862 872 in
891 829 1050 874 hortos
1073 829 1305 875 veniffent.
1333 827 1600 874 Antiochia·—

316 919 400 949 nus
427 903 561 965 igitur
586 919 639 946 ex
671 900 889 946 Praefectis
925 916 1065 957 unus,
1089 899 1279 954 milites,
1312 899 1387 962 qui
1415 899 1459 944 in
1491 900 1602 944 hor·

317 990 389 1022 tos
414 988 654 1028 venerant,
680 973 1003 1020 &sacramenti
1025 972 1334 1018 admonitione
1365 971 1602 1028 exoravit,

317 1066 374 1094 ne
408 1049 531 1093 illum
562 1047 849 1102 occiderent,
871 1047 970 1109 quia
1006 1063 1085 1092 nec
1117 1045 1243 1091 multi
1273 1055 1517 1098 venerant,
1551 1042 1603 1089 &

318 1122 520 1183 plerique
553 1135 654 1165 cum
684 1120 890 1175 vexillo,
922 1119 1047 1178 quod
1083 1117 1418 1164 Aristomachus
1457 1114 1602 1161 tribu-

319 1210 403 1240 nus
431 1194 699 1246 retinuerat,
725 1190 1037 1236 remanserant.
1067 1191 1164 1236 haec
1195 1189 1238 1235 in
1277 1188 1436 1236 hortis.

405 1267 513 1311 XV.
548 1269 594 1310 ln
626 1264 773 1310 castris
809 1279 922 1309 vero
954 1263 1114 1309 milites
1155 1263 1350 1323 precanti
1387 1259 1602 1308 Praefecb

320 1339 560 1391 dixerunt,
582 1335 621 1381 se
650 1344 857 1396 partui-os
878 1327 966 1380 >effe
995 1335 1314 1396 Heliogabalo,
1333 1334 1361 1380 fi
1383 1336 1431 1382 &
1460 1335 1603 1396 impu·

321 1426 397 1456 ros
414 1410 647 1465 homines,
665 1410 712 1454 &
733 1407 926 1469 aurigas,
948 1409 997 1453 &
1027 1407 1265 1452 histriones
1284 1425 1307 1453 a
1327 1408 1368 1452 se
1396 1407 1604 1453 dimove·

317 1495 415 1536 tet,
445 1490 578 1543 atque
609 1482 664 1527 ad
699 1482 864 1526 bonam
895 1479 1064 1541 frugem
1099 1479 1289 1535 redire13
1317 1479 1385 1524 his
1411 1478 1605 1526 maxime

321 1555 568 1610 submotis,
594 1554 670 1615 qui
695 1570 795 1598 cum
824 1552 1028 1597 omnium
1057 1552 1215 1598 dolore
1239 1553 1353 1613 apud
1379 1568 1480 1598 eum
1507 1551 1606 1613 plu·

322 1627 485 1672 rimum
510 1636 742 1687 poterant,
761 1625 809 1669 &
832 1623 907 1684 qui
929 1623 1081 1668 omnia
1102 1622 1196 1682 ejus
1222 1624 1504 1678 vendebant,
1530 1619 1606 1671 vel

322 1699 545 1753 vanitate,
580 1697 654 1741 vel
692 1695 836 1740 fumis.
876 1693 1057 1739 Remoti
1095 1693 1195 1739 sunt
1230 1694 1422 1756 denique
1451 1695 1507 1740 ab
1547 1707 1606 1740 eo

322 1770 585 1824 Hierocles,
606 1768 833 1821 Gordius,
852 1767 902 1812 δι
926 1765 1197 1811 Muriffimus
1212 1800 1225 1821 ,
1251 1768 1301 1812 &
1319 1767 1409 1811 duo
1433 1766 1606 1827 impro-

323 1844 371 1890 bi
406 1842 671 1896 familiares,
696 1842 772 1902 qui
808 1856 908 1885 eum
944 1855 996 1884 ex
1026 1839 1160 1884 stulto
1192 1839 1436 1885 stultiorem
1475 1837 1606 1885 facie-

324 1917 446 1962 bant.
469 1915 726 1960 Mandatum
755 1925 966 1973 praeterea
990 1927 1013 1956 a
1042 1910 1258 1957 militibus
1285 1911 1528 1969 Praefeffis,
1551 1926 1606 1958 ne

323 1999 585 2051 paterentur
611 1985 736 2031 illum
767 1985 824 2030 ita
855 1983 1021 2030 diutius
1054 1983 1240 2040 vivere,
1268 1987 1316 2030 δι
1341 1997 1387 2029 ut
1410 1985 1607 2031 Alexan-

323 2059 401 2105 der
434 2057 756 2111 custodiretur,
784 2073 839 2101 ne
867 2055 941 2101 vel
971 2055 1035 2100 illi
1067 2055 1212 2115 aliqua
1241 2056 1312 2102 vis
1352 2055 1605 2113 afferretur3

322 2131 449 2179 fimul
472 2147 526 2177 ne
546 2128 693 2176 Caesar
714 2128 964 2191 quempiam
985 2129 1177 2174 amicum
1200 2129 1384 2190 Augusti
1405 2129 1576 2176 videret
1593 2162 1607 2187 ,

326 2222 382 2251 ne
411 2205 502 2251 ulla
528 2202 651 2249 fieret
676 2202 869 2248 imitatio
898 2200 1202 2262 turpitudinis.
1231 2202 1314 2247 Sed
1337 2201 1607 2264 Heliogaba·

326 2277 395 2324 ius
417 2278 466 2324 &
491 2275 659 2339 ingenti
680 2291 810 2337 prece
838 2274 1094 2321 Hieroclem
1124 2274 1382 2337 reposcebat
1414 2274 1605 2337 impudi-

321 2350 536 2397 ciffimum
552 2349 808 2406 hominem,
827 2351 876 2396 &
901 2348 1073 2397 infidias
1103 2348 1147 2394 in
1176 2349 1268 2394 dies
1294 2348 1457 2395 Caesari
1492 2364 1603 2410 pro-

326 2424 528 2488 pagabat.
568 2422 778 2487 Denique
817 2421 1033 2469 Kalendis
1069 2421 1309 2481 Ianuariis,
1345 2438 1446 2469 cum
1480 2419 1607 2469 fimul
