1714 2807
270 153 366 202 '216
528 151 1299 200 JULIICAPITOLINI

274 269 378 299 eum
399 249 669 314 epigramma
691 252 861 299 illatum
891 254 1038 302 Graeci
1069 254 1292 316 cujusdam
1319 267 1464 319 poetae
1483 259 1556 306 via

275 323 404 370 detur
418 323 607 379 exstare,
622 325 749 386 quod
772 326 925 372 Latine
938 326 1019 374 hac
1041 327 1556 378 sententiavontinetur:

342 395 501 459 Hssrio
518 396 612 451 jam
618 399 765 458 finior
787 400 919 460 turpis
933 435 946 452 ‚
968 402 1133 461 gravis,
1159 403 1301 463 asper,
1325 406 1524 465 iniquus,

408 473 566 530 Impius
583 508 595 528 ,
626 471 668 520 G·
683 473 801 532 filix
819 474 884 537 fic
894 474 1029 536 fimul
1054 474 1123 538 effi
1152 478 1276 536 cupit.

350 549 414 592 Ut
430 550 538 592 nolit
561 546 656 607 pius
679 546 752 610 effe
767 582 779 603 ‚
810 550 905 592 velit
923 564 1058 593 cametz
1087 547 1156 610 effi
1182 550 1352 598 beatus:

412 620 542 680 Quod
562 638 710 665 natura
733 637 879 682 negat,
905 630 975 666 ne'c
1002 624 1141 682 recipit
1162 626 1283 670 ratio.

347 694 464 738 Nam
478 695 579 753 pius
600 691 764 751 &filix
777 710 937 752 poterat
956 696 1041 738 dici
1059 711 1175 754 atque
1199 698 1353 754 videri,

417 767 492 811 Cui
509 767 722 826 imperium
742 766 894 824 infelix
914 767 965 831 est
980 802 993 822 ‚
1017 769 1085 811 erit
1102 771 1169 812 ille
1173 769 1276 832 fibi.

286 835 385 881 Hos
412 835 563 882 versus
593 835 742 882 nescio
771 836 869 898 quis
895 837 947 882 de
983 837 1176 894 Latinis,
1204 837 1327 895 iuxta
1353 853 1460 895 eos,
1488 836 1567 899 qui

290 907 440 954 Graeci
462 920 585 954 erant
618 908 836 970 propositi
855 943 867 963 ‚
892 908 936 954 in
967 908 1074 955 foro
1101 908 1277 970 posuit:
1302 909 1463 971 quibus
1491 925 1570 958 ac-

292 979 458 1039 ceptis„
483 980 710 1026 Macrinus
736 980 804 1026 his
825 979 1022 1026 verfibus
1041 980 1308 1042 respondisse
1332 979 1492 1028 fertur:

357 1055 410 1098 Si
433 1057 555 1098 talem
580 1053 764 1110 Grajum
783 1050 1106 1115 tetulifferztfata
1118 1069 1283 1114 poetam
1296 1087 1312 1111 ‚

429 1128 587 1188 Qualis
608 1129 786 1172 Latinus
804 1127 993 1174 Gabalus
1016 1125 1209 1191 istefltit,

360 1201 448 1245 Nil
456 1205 640 1260 populus
659 1198 786 1262 nofflt
800 1235 812 1256 ,
829 1202 894 1244 nil
910 1197 1036 1261 noffit
1052 1202 1165 1244 curia
1180 1233 1194 1254 ‚
1213 1215 1367 1260 magno

426 1277 585 1319 Nullus
596 1271 813 1336 scripfiffit
839 1275 1024 1317 carmina
1053 1287 1152 1317 tetra
1174 1274 1293 1318 milzi.

300 1343 380 1391 His
404 1345 602 1390 versibus
637 1346 885 1399 Macrinus,
911 1345 1047 1406 longe
1073 1343 1330 1406 pejoribus,
1356 1362 1485 1407 quam
1509 1344 1577 1393 illi

299 1414 446 1461 Latini
472 1415 594 1473 sunt,
617 1415 886 1478 respondisse
916 1416 954 1462 se
983 1417 1188 1473 credidit3
1210 1417 1280 1463 sed
1313 1435 1405 1464 non
1431 1418 1578 1464 minus

300 1488 360 1534 est
383 1487 488 1534 risui
507 1488 679 1534 habitus
692 1505 849 1551 ‚quam
869 1503 1004 1551 poeta
1024 1489 1099 1536 ille
1113 1525 1127 1549 ,
1146 1491 1222 1553 qui
1241 1491 1293 1538 de
1312 1493 1477 1538 Graeco
1496 1493 1580 1538 La-

303 1562 398 1609 tine
418 1563 598 1609 machis
620 1563 679 1608 est
701 1563 902 1610 scribere.

369 1636 470 1682 ΧΠ.
496 1635 592 1681 Fuit
612 1635 745 1698 igitur
762 1635 971 1697 superbus
996 1638 1043 1685 ὅ(
1071 1636 1401 1701 sanguinarius,
1419 1639 1468 1685 ὅ(
1494 1645 1583 1684 voi

307 1708 402 1755 lens
420 1708 670 1755 militariter
690 1708 931 1770 imperare:
952 1709 1157 1757 incusans
1172 1711 1283 1773 quin
1301 1710 1430 1757 etiam
1456 1709 1584 1772 supe·
1651 1712 1653 1715 ’

305 1783 479 1829 riorum
507 1796 763 1840 temporum
791 1781 1095 1844 disciplinam,
1118 1801 1170 1832 ac
1199 1784 1338 1832 solum
1369 1787 1585 1830 Severum

309 1873 400 1918 prae
423 1855 580 1902 ceteris
609 1855 806 1902 laudans.
832 1857 947 1902 Nam
974 1857 1023 1905 &
1052 1857 1097 1902 in
1125 1873 1300 1904 crucem
1324 1856 1479 1903 milites
1508 1867 1586 1902 tu-

309 1928 387 1983 lit,
418 1930 465 1976 &
497 1928 727 1976 servilibus
763 1929 987 1992 suppliciis
1018 1930 1185 1993 semper
1212 1930 1379 1977 affecit:
1409 1931 1457 1977 &
1483 1946 1587 1977 cum

311 2002 549 2050 seditiones
577 2004 788 2050 militares
815 2017 1060 2066 pateretur,
1085 2003 1246 2050 milites
1275 2003 1429 2066 saepius
1453 2002 1589 2049 decu-

310 2075 477 2133 mavit,
513 2075 753 2136 aliquando
789 2076 919 2122 etiam
960 2076 1288 2131 centesimavit3
1319 2075 1443 2137 quod
1482 2090 1590 2120 ver-

309 2149 416 2196 bum
445 2149 674 2211 proprium
700 2148 833 2209 ipsius
853 2147 939 2205 est,
971 2165 1071 2194 cum
1100 2148 1140 2195 se
1170 2148 1434 2195 clementem
1464 2146 1588 2192 dice-‘-

312 2234 400 2275 ret‚
432 2221 617 2284 quando
643 2235 721 2266 eos
744 2219 1072 2277 centesimaret,
1097 2220 1172 2284 qui
1199 2220 1321 2282 digni
1351 2218 1485 2266 essent
1508 2219 1589 2264 de·-

314 2293 574 2340 cumatione
605 2307 734 2354 atque
773 2292 1124 2340 vicefimatione.
1156 2297 1363 2356 Longum
1402 2291 1463 2338 est
1496 2289 1592 2351 ejus

314 2366 601 2413 crudelitates
636 2380 794 2411 omnes
827 2365 1021 2427 aperire:
1048 2378 1240 2410 attamen
1277 2380 1407 2410 unam
1440 2360 1592 2407 osten-

312 2438 414 2489 dam
443 2455 538 2487 non
567 2455 801 2504 magnam,
828 2450 876 2486 ut
898 2438 990 2502 ipse
1019 2437 1252 2497 credebat,
1279 2436 1352 2484 sed
1383 2434 1593 2484 omnibus
