1637 2785
204 151 521 200 Divus·
583 148 1137 201 CLAUD1US.
1249 167 1338 214 147

61 260 229 310 virtute
255 260 370 306 boni
399 259 613 319 Principis
642 258 922 322 antiquatum
954 259 1027 306 est.
1056 276 1137 306 nec
1166 258 1256 306 sola
1287 260 1342 307 de

62 333 190 381 hoste
212 331 517 389 vi&oria,·sed
545 331 678 376 etiam
710 332 906 376 vindicta
934 332 1167 392 praesumta
1196 333 1268 379 est.
1293 334 1345 378 In

62 423 159 470 quo
184 406 304 451 bello
333 405 457 465 quod
489 403 651 465 gestum
681 402 773 458 est,
806 403 1005 465 equitum
1036 406 1346 454 Dalmatarum

64 479 221 542 ingens
250 477 415 523 exstitit
451 476 619 528 virtus,
650 476 773 536 quod
808 475 1030 538 originem
1066 494 1122 523 ex
1154 495 1202 525 ea
1236 497 1347 541 pro-

66 550 220 598 vincia
252 549 469 596 Claudius
500 548 732 593 videbatur
753 546 1014 604 ostendere3
1037 552 1244 612 quamvis
1274 554 1350 601 alii

65 626 352 675 Dardanum,
373 625 420 670 δι
441 624 495 669 ab
519 623 599 668 llio
617 621 949 680 Troianorum,
967 636 1096 686 atque
1116 625 1212 687 ipso
1231 628 1351 673 Dar-

68 701 189 746 dano
207 733 221 754 ,
243 697 499 759 sanguinem
522 696 721 742 dicerent
742 695 930 741 trahere.

131 770 230 815 ΧΠ.
261 769 453 812 Fuerunt
488 782 565 827 per
605 782 655 811 ea
690 778 891 827 tempora
927 767 975 814 &
1011 767 1128 828 apud
1166 769 1365 818 Cretam.

70 842 279 905 Scythae,
307 840 354 885 &
378 839 585 901 Cyprum
611 837 776 883 vastare
803 850 1056 885 tentarunt:
1085 841 1155 886 sed
1186 842 1353 907 ubique

72 917 238 962 morbo
261 913 462 959 exercitu
490 913 742 967 laborante,
765 911 952 974 superati
976 913 1086 960 sunt.
1117 914 1266 962 Finito
1287 917 1354 963 sa-

73 1007 131 1037 ne
159 988 279 1035 bello
313 986 541 1039 GothicO,
572 985 855 1047 gravissimus
890 988 1074 1034 morbus
1103 987 1354 1046 increbuit;

74 1076 185 1110 tunc
211 1078 311 1107 cum
339 1060 470 1106 etiam
504 1059 715 1104 Claudius
749 1059 926 1105 affeEtus
954 1061 1118 1106 morbo
1146 1065 1358 1115 mortales

73 1135 283 1198 reliquit,
317 1136 365 1180 &
390 1132 601 1178 familiare
634 1134 876 1178 virtutibus
908 1133 992 1179 suis
1022 1134 1150 1196 petiit
1179 1138 1360 1184 coelum.

77 1211 189 1270 Quo
215 1209 269 1253 ad
292 1207 422 1253 Deos
446 1218 576 1267 atque
601 1205 653 1250 ad
676 1206 811 1250 fidera
837 1206 1109 1269 demigrante
1126 1243 1139 1266 ,
1166 1211 1362 1271 Quintil-

79 1289 146 1330 lus
169 1281 298 1327 frater
315 1277 506 1338 ejusdem
522 1313 536 1334 ,
560 1277 631 1322 vir
653 1276 848 1333 saueius,
867 1279 917 1325 ὅ(
940 1278 1000 1324 sui
1024 1278 1167 1331 fratris
1181 1316 1195 1336 ,
1215 1295 1264 1327 ut
1283 1299 1362 1327 ve-

80 1371 128 1400 re
146 1351 358 1407 dixerim,
381 1349 531 1405 frater,
553 1351 745 1396 delatum
766 1350 844 1395 fibi
865 1350 1254 1413 omniumjudicio
1275 1353 1364 1401 sus·

82 1427 201 1487 cepit
223 1424 459 1487 imperium
475 1459 490 1481 ,
508 1440 602 1470 non
623 1423 962 1481 hereditarium,
981 1424 1051 1471 sed
1081 1427 1242 1472 merito
1272 1428 1365 1475 vir-

81 1514 254 1547 tutum:
290 1497 368 1560 qui
401 1497 538 1543 fa&us
578 1497 682 1543 effet
716 1498 991 1558 Imperator,
1028 1497 1193 1545 etiamfi
1231 1499 1370 1549 frater

51 1571 267 1619 ‘Claudii
295 1569 514 1631 Principis
545 1586 637 1615 non
662 1567 819 1616 fuifi'et.
846 1570 934 1615 Sub
956 1571 1043 1617 hoc
1069 1571 1271 1628 barbari,
1288 1575 1369 1636 qui

85 1643 417 1706 superfuerant,
444 1641 665 1689 Anchialo
698 1641 864 1686 vastata
883 1677 897 1699 ‚
922 1642 1074 1688 conati
1104 1642 1200 1689 sunt
1222 1645 1370 1692 Nic'o-

86 1718 217 1782 polin
240 1718 371 1764 etiam
403 1716 624 1764 obtinere.
651 1717 734 1762 Sed
759 1716 824 1762 illi
846 1718 1194 1779 provincialium
1225 1721 1371 1768 virtu-

87 1807 133 1838 te
154 1790 309 1837 obtriti
328 1789 442 1835 sunt.
460 1788 712 1848 Quintillus
731 1801 874 1834 autem
896 1790 958 1835 ob
975 1791 1242 1838 brevitatem
1263 1805 1373 1841 tem·-

87 1864 240 1927 poris,
260 1862 371 1907 nihil
394 1861 574 1924 dignum
602 1861 796 1922 imperio
826 1877 980 1924 gerere
998 1863 1165 1924 potuit:
1187 1882 1287 1912 nam
1308 1866 1374 1914 se-

91 1935 406 1999 ptimadecima
432 1935 531 1991 die,
560 1934 683 1997 quod
714 1933 755 1980 se
782 1951 961 1997 gravem
989 1937 1038 1983 δέ
1069 1935 1226 1983 serium
1257 1956 1374 1986 con-

91 2023 160 2056 tra
190 2009 349 2055 milites
383 2008 663 2065 ostenderat,
685 2023 736 2055 ac
769 2026 927 2056 verum
965 2010 1218 2073 Principem
1238 2015 1376 2076 polli-

92 2081 304 2138 cebatur,
324 2097 380 2127 eo
408 2096 590 2143 genere,
617 2097 710 2143 quo
732 2083 902 2137 Galba,
926 2099 1018 2145 quo
1047 2085 1277 2142 Pertinax,
1307 2087 1378 2133 in-

93 2166 306 2200 teremtus
331 2152 404 2199 est.
434 2154 489 2198 Et
523 2153 764 2214 Dexippus
799 2155 978 2216 quidem
1010 2156 1248 2204 Claudium
1281 2175 1377 2206 non

95 2222 204 2271 dicit
221 2223 441 2281 occisum,
467 2223 536 2287 sed
558 2236 728 2270 tantum
755 2239 1000 2273 mortuum.
1021 2245 1104 2274 nec
1126 2240 1274 2275 tamen
1297 2232 1378 2277 ad-

98 2297 211 2343 didit
237 2297 425 2353 morbo‚
453 2308 501 2341 ut
531 2295 714 2342 dubium
747 2296 908 2343 sentire
942 2300 1159 2346 videatur.

163 2372 278 2415 Xlll.
310 2368 544 2428 Quoniam
573 2385 640 2414 res
667 2369 846 2416 bellicas
872 2371 1064 2418 diximus
1083 2408 1096 2428 ‚
1124 2373 1176 2418 de
1205 2372 1383 2423 Claudii

99 2456 260 2503 genere
275 2442 323 2490 &
343 2439 504 2487 familia
524 2440 674 2489 saltem
698 2459 838 2505 pauca
867 2443 1055 2492 dicenda
1079 2444 1204 2506 sunt,
1225 2463 1282 2494 ne
1304 2463 1381 2507 ea,

1022 2517 1135 2565 Κ).
