1714 2807
332 156 424 206 154
558 143 1407 192 FLAVIIVOPISCI

328 256 441 299 tiam.
471 257 531 300 Ee
553 271 718 310 tamen,
737 255 787 318 fi
814 257 907 300 bene
932 257 1034 301 novi
1048 291 1059 311 ,
1082 258 1356 316 ephemeridas
1383 258 1496 303 illius
1519 257 1603 304 νὶνί

323 327 503 386 scriptas
531 330 748 383 habemus,
774 330 898 372 etiam
927 331 1061 390 bella,
1080 331 1299 390 charaHere
1326 331 1509 395 historico
1531 334 1603 377 di·

325 402 430 465 gesta
449 437 460 457 ‚
486 420 571 462 quae
594 405 716 447 velim
740 404 922 461 accipias
937 440 947 458 ,
973 401 1013 449 δ’
1025 421 1096 462 per
1115 407 1295 449 ordinem
1310 405 1474 463 firibas
1489 439 1501 458 ,
1520 407 1602 449 ad-

327 476 447 529 ditis,
467 491 552 532 quae
573 477 631 518 ad
646 475 777 519 vitam
792 478 1006 535 pertinent.
1026 477 1129 535 Quae
1152 477 1295 520 omnia
1313 495 1365 521 ex
1387 479 1502 521 libris
1518 477 1603 521 lin-

325 550 428 601 teis,
455 549 499 591 ia
531 549 678 607 quibus
708 549 791 608 ipſs
818 551 1062 608 quotidiana
1086 548 1173 607 sua
1187 549 1314 607 scribi
1341 565 1602 608 praeceperat,

319 639 397 679 pro
421 637 493 665 ma
509 622 734 680 fidulirate
766 622 985 680 condisces.
1016 624 1174 666 Curaho
1197 638 1329 666 autem
1347 658 1358 674 ,
1385 639 1429 667 ut
1454 625 1529 666 tibi
1548 640 1602 666 ex

329 696 465 754 Ulpia
496 696 734 739 bibliotheca
763 692 805 739 G·
830 695 927 738 libri
959 695 1076 738 lintei
1091 694 1366 753 proferantur.
1396 696 1458 738 Tu.
1482 697 1601 738 velim

326 769 605 811 Aurelianum
633 770 692 810 ita
710 802 721 820 ‚
747 755 793 810 tit
815 768 890 831 est,
913 783 1112 825 quatenus
1123 783 1263 825 potes,
1284 769 1328 810 in
1347 770 1484 812 literas
1503 769 1601 811 mit-

325 853 402 882 tas.
450 837 573 882 Parui
616 836 705 897 ipse
746 837 925 899 quidem
974 837 1203 898 praeceptis
1226 854 1235 882 :
1273 837 1425 897 accepi
1464 837 1605 883 libros

324 913 537 966 Graecos,
556 913 602 958 &
626 927 747 957 omn
755 928 776 956 a
800 911 903 956 mihi
932 911 1194 958 necessaria
1186 929 1229 956 m
1251 927 1426 956 tranum
1450 911 1602 959 sumsi:

324 998 379 1028 ex
408 983 569 1046 quibus
600 985 647 1030 &
676 999 773 1043 qnae
799 983 926 1045 digna
953 996 1077 1028 erant
1099 995 1368 1034 memoratu,
1395 982 1439 1027 in
1463 1000 1601 1030 unum

323 1054 523 1101 libellum
545 1055 732 1101 contuli.
756 1052 828 1100 Tu
852 1055 988 1100 velim
1011 1072 1158 1101 meum
1180 1071 1339 1100 munus
1361 1054 1470 1099 boni
1490 1070 1603 1101 con-

324 1127 460 1174 sulas:
487 1131 535 1177 &
559 1130 586 1174 fi
607 1130 697 1175 hoc
721 1141 959 1175 contentus
984 1145 1076 1174 non
1104 1127 1264 1185 fueris,
1290 1128 1455 1174 lectites
1474 1130 1602 1175 Grae·

323 1216 428 1255 cos,
450 1201 614 1248 linteos
637 1202 769 1249 etiam
792 1202 932 1247 libros
959 1201 1157 1263 requiras
1173 1237 1184 1256 ,
1209 1217 1324 1263 quos
1353 1202 1486 1264 Ulpia
1517 1201 1602 1249 tibi

323 1271 622 1330 bibliotheca,
647 1291 747 1321 cum
772 1274 969 1321 volueris
986 1309 998 1330 ,
1022 1273 1297 1319 ministrabit.

392 1349 444 1392 11.
474 1349 530 1393 Et
559 1347 773 1409 quoniam
813 1346 955 1392 sermo
990 1347 1120 1392 nobis
1147 1346 1201 1392 de
1235 1346 1465 1393 Trebellio
1494 1345 1602 1392 Pol-

323 1419 478 1477 lione,
507 1420 582 1482 qui
621 1437 645 1465 a
681 1419 858 1465 duobus
896 1418 1110 1479 Philippis
1143 1418 1282 1480 usque
1325 1420 1380 1464 ad
1425 1419 1600 1466 Divum

323 1490 593 1549 Claudium,
623 1493 671 1538 δι
701 1490 793 1553 ejus
822 1491 1001 1537 fratrem
1027 1491 1299 1550 Quintillum
1318 1527 1332 1547 ,
1357 1495 1604 1554 {mperatoq

323 1580 392 1612 res
419 1578 507 1610 tam
541 1565 713 1621 claros,
741 1581 872 1625 quam
905 1565 1153 1618 obscuros,
1185 1565 1411 1610 memoriae
1446 1565 1601 1625 prodi-

324 1637 416 1696 dit,
440 1637 484 1683 in
518 1637 674 1684 eodem
711 1637 923 1683 vehiculo
952 1636 1065 1692 fuit,
1097 1637 1303 1684 afferente
1328 1637 1603 1698 Tiberiano,

324 1709 448 1767 quod
479 1709 629 1754 Pollio
661 1709 798 1756 multa
832 1709 1085 1766 incuriose,
1117 1710 1253 1755 multa
1274 1709 1473 1756 breviter
1491 1726 1605 1772 pro-

325 1780 494 1826 didisset
514 1800 527 1837 ;
550 1798 619 1827 me
649 1794 805 1829 contra
825 1781 1000 1828 dicente
1018 1817 1030 1837 ,
1058 1782 1282 1828 neminem
1305 1781 1570 1843 scriptorum
1585 1817 1603 1840 ,

325 1866 541 1914 quantum
580 1854 635 1899 ad
668 1851 896 1899 historiam
937 1852 1156 1914 pertinet,
1190 1868 1281 1898 non
1314 1852 1480 1913 aliquid
1517 1852 1604 1899 effe

326 1924 563 1970 mentitum
583 1960 596 1979 ,
618 1926 836 1986 prodente
855 1923 963 1985 quin
987 1923 1116 1970 etiam
1131 1959 1146 1982 ,
1166 1923 1210 1969 in
1240 1938 1332 1986 quo
1352 1923 1534 1978 Livius,
1554 1924 1605 1969 in

325 2014 420 2059 quo
446 1999 692 2055 Sallustius,
722 1998 767 2044 in
802 2014 896 2060 quo
930 1996 1169 2044 Cornelius
1199 1996 1409 2053 Tacitus,
1429 1996 1474 2042 in
1507 2012 1604 2059 quo

326 2070 518 2133 denique
546 2072 753 2133 Trogus,
788 2070 1028 2117 manifestis
1054 2069 1230 2116 testibus
1268 2069 1603 2116 convinceren-

327 2155 428 2188 tur:
459 2144 644 2203 pedibus
680 2143 725 2188 in
761 2142 1019 2189 sententiam
1056 2142 1284 2187 tranfitum
1321 2140 1517 2198 faciens,
1549 2155 1604 2188 ac

327 2229 506 2260 manum
535 2213 766 2276 porrigens
793 2212 1027 2273 jucundam
1061 2224 1270 2274 praeterea
1288 2247 1303 2268 ‚
1336 2214 1504 2266 Scribe,
1535 2210 1602 2256 in-

328 2286 427 2347 quit
446 2321 458 2341 ,
485 2303 530 2331 ut
556 2290 650 2333 libet
666 2305 683 2333 :
704 2287 868 2346 securus
889 2322 901 2344 ‚
924 2289 1033 2347 quod
1063 2288 1193 2340 velis,
1220 2289 1364 2342 dicas,
1389 2286 1602 2330 habiturus

329 2364 631 2406 mendaciorum
671 2365 863 2419 comites,
888 2379 988 2422 quos
1024 2361 1218 2425 historica
1253 2361 1487 2420 eloquentiae
1518 2361 1600 2404 mi·

331 2450 469 2480 rarum
502 2435 696 2483 austeres.
