1637 2785
271 162 686 208 TRIGINTA
734 159 1131 206 TYRANNI.
1260 173 1341 221 135

465 358 595 413 DE
663 359 962 415 TITO.

70 566 263 615 XXXII.
296 527 529 615 DOCET
560 564 829 628 Dexippus,
855 580 937 613 nec
967 563 1250 612 Herodianus
1282 576 1346 611 tad

68 653 139 687 cet
159 675 173 697 ‚
207 639 448 702 omnesque
466 675 480 697 ,
508 638 585 702 qui
613 640 716 686 talia
735 639 918 703 legenda
942 638 1129 701 posterIs
1152 638 1345 685 tradide-

68 725 192 769 runt,
207 713 361 758 Titum
377 747 390 768 ,
408 713 662 759 Tribunum
682 714 945 759 Maurorum
959 749 971 770 ‚
996 711 1074 774 qui
1098 729 1121 758 a
1137 710 1348 759 Maximi-

70 801 134 830 no
155 785 270 831 inter
299 785 500 847 privatos
529 787 702 833 relissus
735 785 876 832 fuerat
895 821 913 845 ,
939 785 1102 832 timore
1129 784 1348 831 violentae

70 858 230 904 mortis
249 893 263 916 ,
293 871 340 905 ut
365 858 440 905 alii
468 860 654 916 dicunt;
683 859 878 907 invitum
906 875 1020 906 vero
1038 893 1052 917 ‚
1080 859 1130 905 &
1150 874 1174 903 a
1193 855 1347 903 militi-

65 929 155 978 bus
173 932 378 978 cantum
394 967 408 990 ‚
426 947 474 978 ut
494 932 693 995 plerique
707 932 926 990 afferunt,
944 930 1196 994 imperaffe:
1216 942 1350 992 atque

69 1002 189 1050 hunc
234 1002 352 1050 intra
392 1021 560 1066 paucos
597 1005 689 1051 dies
707 1041 720 1064 ‚
760 1005 858 1068 post
901 1004 1175 1051 vindicatam
1222 1001 1349 1050 defe-

68 1077 292 1136 ffionem,
324 1095 455 1142 quam
490 1079 733 1127 consularis
761 1078 833 1126 vir
867 1080 1056 1141 Magnus
1092 1077 1349 1124 Maximino

68 1162 334 1214 paraverat,
361 1169 385 1199 a
416 1152 502 1199 suis
540 1153 750 1199 militibus
781 1153 1081 1199 interemtum.
1117 1150 1347 1212 imperasse

67 1236 216 1271 autem
247 1224 468 1272 mentibus
497 1225 583 1271 sex.
622 1225 721 1271 Fuit
759 1225 832 1272 hic
862 1225 936 1271 vir
966 1225 1019 1271 de
1055 1223 1208 1287 primis
1243 1240 1347 1286 erga

66 1297 387 1359 rempublicam
408 1298 530 1344 domi
554 1296 751 1361 forisque
780 1296 1038 1352 laudabilis;
1059 1296 1131 1343 sed
1151 1295 1346 1357 imperio

68 1386 224 1431 parum
254 1369 377 1418 felix.
406 1369 494 1416 Alii
524 1369 678 1417 dicunt
699 1404 714 1427 ,
743 1370 800 1416 ab
829 1369 1053 1416 Armeniis
1082 1368 1312 1432 sagittariis
1332 1404 1347 1426 ,

68 1461 187 1506 quos
214 1445 489 1491 Maximinus
507 1479 519 1499 ‚
543 1457 594 1491 ut
614 1443 970 1501 Alexandrinos,
989 1444 1037 1490 &
1072 1444 1228 1489 oderat
1245 1477 1259 1500 ,
1296 1443 1348 1489 &

69 1515 318 1563 offenderat
333 1551 345 1573 ,
363 1515 617 1575 Principem
642 1514 816 1561 failum.
839 1515 937 1561 Nec
960 1513 1156 1570 mireris,
1177 1525 1344 1559 tantam

69 1590 155 1636 effe
173 1591 430 1637 varietatem
456 1590 510 1635 de
537 1589 746 1645 homine,
769 1587 894 1649 cujus
915 1588 993 1635 vix
1015 1604 1183 1634 nomen
1204 1604 1346 1651 agno-

70 1663 220 1711 scitur.
244 1662 396 1725 Hujus
423 1679 542 1709 uxor
577 1661 822 1724 Calpurnia
848 1661 932 1708 fuit
961 1661 1103 1708 san&a
1132 1661 1182 1708 &
1207 1677 1347 1707 vene-

68 1734 222 1781 rabilis
258 1733 422 1782 femina
443 1769 457 1791 ‚
491 1734 546 1781 de
572 1750 732 1797 genere
762 1733 1108 1780 Caesoninorum
1128 1769 1144 1792 ,
1169 1732 1215 1778 id
1253 1732 1344 1791 est,

68 1807 305 1864 Pisonum,
326 1823 456 1870 quam
483 1806 673 1865 majores
699 1806 839 1852 nostri
867 1806 1109 1853 univiriam
1140 1805 1345 1853 sacerdo-

69 1895 157 1925 tem
173 1915 190 1936 ,
213 1878 329 1926 inter
359 1878 654 1925 sacratissimas
685 1877 870 1925 feminas
888 1914 901 1936 ‚
920 1878 1162 1925 adorarunt
1182 1895 1194 1924 ε
1220 1877 1345 1939 cujus

71 1953 252 2000 statuam
281 1952 326 1998 in
352 1952 522 2014 templo
550 1951 738 1998 Veneris
762 1952 906 1999 adhuc
927 1951 1132 2001 videmus
1162 1950 1346 2012 Argoli-

68 2041 194 2079 cam,
222 2023 293 2070 sed
324 2037 537 2072 auratam.
567 2026 676 2071 Haec
702 2023 893 2071 uniones
923 2024 1245 2085 Cleopatr-anas
1266 2023 1347 2068 ha-

68 2096 209 2143 buiffe
245 2097 534 2159 perhibetur:
565 2098 660 2145 haec
693 2099 866 2145 lancem
912 2111 1090 2145 centum
1131 2096 1345 2142 librarum

68 2167 260 2230 argenti,
287 2166 411 2227 cujus
435 2167 634 2230 plerique
665 2183 813 2230 poetae
841 2168 1164 2226 meminerunt,
1186 2168 1234 2215 in
1258 2184 1347 2228 qua

67 2240 290 2299 majorum
320 2239 412 2301 ejus
435 2241 630 2303 expreffa
658 2240 962 2292 ostenderetur
990 2240 1188 2287 historIa.
1218 2243 1344 2287 Lon-

69 2312 168 2376 gius
201 2314 312 2360 mihi
339 2314 502 2361 videor
529 2314 802 2376 proceffiffe,
824 2331 956 2376 quam
988 2329 1055 2359 res
1079 2313 1345 2374 postulabat.

68 2387 142 2433 sed
175 2387 282 2450 quid
316 2387 509 2434 faciam?
537 2387 685 2439 omnis
720 2387 900 2434 scientia
934 2399 1102 2434 naturae
1131 2386 1343 2433 facilitate

70 2459 260 2509 verbosa
280 2461 354 2510 est.
378 2477 513 2525 quare
531 2461 586 2509 ad
612 2461 910 2510 Censorinum
933 2473 1159 2543 rever'tar,
1191 2459 1344 2507 homi-

1014 2535 1033 2579 1
1067 2552 1096 2593 4
