<?xml version="1.0" encoding="UTF-8"?>
<!DOCTYPE html PUBLIC "-//W3C//DTD XHTML 1.0 Transitional//EN"
    "http://www.w3.org/TR/xhtml1/DTD/xhtml1-transitional.dtd">
<html xmlns="http://www.w3.org/1999/xhtml" xml:lang="en" lang="en">
 <head>
  <title>
</title>
<meta http-equiv="Content-Type" content="text/html;charset=utf-8" />
  <meta name='ocr-system' content='tesseract 3.04.00' />
  <meta name='ocr-capabilities' content='ocr_page ocr_carea ocr_par ocr_line ocrx_word'/>
</head>
<body>
  <div class='ocr_page' id='page_1' title='image "./historiaeaugusta00bipouoft_0359.png"; bbox 0 0 1637 2785; ppageno 0'>
   <div class='ocr_carea' id='block_1_1' title="bbox 260 162 1383 215">
    <p class='ocr_par' dir='ltr' id='par_1_1' title="bbox 260 162 1383 215">
     <span class='ocr_line' id='line_1_1' title="bbox 260 162 1383 215; baseline 0.004 -5"><span class='ocrx_word' id='word_1_1' title='bbox 260 162 771 210; x_wconf 75' lang='lat' dir='ltr'>ADEXANDER</span> <span class='ocrx_word' id='word_1_2' title='bbox 817 165 1190 214; x_wconf 83' lang='lat' dir='ltr'><strong>SEVERUS.</strong></span> <span class='ocrx_word' id='word_1_3' title='bbox 1294 165 1383 215; x_wconf 82' lang='lat'>281</span> 
     </span>
    </p>
   </div>
   <div class='ocr_carea' id='block_1_2' title="bbox 73 264 1407 2520">
    <p class='ocr_par' dir='ltr' id='par_1_2' title="bbox 73 264 1397 1117">
     <span class='ocr_line' id='line_1_2' title="bbox 73 264 1393 336; baseline 0.002 -19"><span class='ocrx_word' id='word_1_4' title='bbox 73 264 79 270; x_wconf 62' lang='grc'><strong>’</strong></span> <span class='ocrx_word' id='word_1_5' title='bbox 108 268 450 332; x_wconf 74' lang='lat' dir='ltr'>caligariorum,</span> <span class='ocrx_word' id='word_1_6' title='bbox 483 272 532 316; x_wconf 88' lang='lat'>&amp;</span> <span class='ocrx_word' id='word_1_7' title='bbox 562 270 754 316; x_wconf 86' lang='lat' dir='ltr'>omnino</span> <span class='ocrx_word' id='word_1_8' title='bbox 788 271 992 317; x_wconf 87' lang='lat' dir='ltr'>omnium</span> <span class='ocrx_word' id='word_1_9' title='bbox 1021 272 1204 319; x_wconf 81' lang='lat' dir='ltr'>artium:</span> <span class='ocrx_word' id='word_1_10' title='bbox 1234 271 1393 336; x_wconf 84' lang='lat' dir='ltr'>hisque</span> 
     </span>
     <span class='ocr_line' id='line_1_3' title="bbox 108 342 1394 408; baseline 0.002 -19"><span class='ocrx_word' id='word_1_11' title='bbox 108 359 165 389; x_wconf 81' lang='lat' dir='ltr'>ex</span> <span class='ocrx_word' id='word_1_12' title='bbox 204 343 290 388; x_wconf 78' lang='lat' dir='ltr'>sese</span> <span class='ocrx_word' id='word_1_13' title='bbox 324 342 578 389; x_wconf 58' lang='lat' dir='ltr'>defensores</span> <span class='ocrx_word' id='word_1_14' title='bbox 614 342 759 397; x_wconf 84' lang='lat' dir='ltr'>dedit,</span> <span class='ocrx_word' id='word_1_15' title='bbox 796 345 844 390; x_wconf 73' lang='lat' dir='ltr'>Sc</span> <span class='ocrx_word' id='word_1_16' title='bbox 878 342 1019 403; x_wconf 63' lang='lat' dir='ltr'>justit,</span> <span class='ocrx_word' id='word_1_17' title='bbox 1048 346 1157 408; x_wconf 89' lang='lat' dir='ltr'>quid</span> <span class='ocrx_word' id='word_1_18' title='bbox 1188 347 1241 391; x_wconf 88' lang='lat' dir='ltr'>ad</span> <span class='ocrx_word' id='word_1_19' title='bbox 1275 362 1394 408; x_wconf 80' lang='lat' dir='ltr'>quos</span> 
     </span>
     <span class='ocr_line' id='line_1_4' title="bbox 109 414 1394 478; baseline 0.002 -18"><span class='ocrx_word' id='word_1_20' title='bbox 109 414 278 476; x_wconf 83' lang='lat' dir='ltr'>judices</span> <span class='ocrx_word' id='word_1_21' title='bbox 308 415 561 475; x_wconf 78' lang='lat' dir='ltr'>pertineret.</span> <span class='ocrx_word' id='word_1_22' title='bbox 586 416 781 460; x_wconf 72' lang='lat' dir='ltr'>Scenicis</span> <span class='ocrx_word' id='word_1_23' title='bbox 809 433 1033 478; x_wconf 87' lang='lat' dir='ltr'>nunquam</span> <span class='ocrx_word' id='word_1_24' title='bbox 1066 434 1218 463; x_wconf 87' lang='lat' dir='ltr'>aurum</span> <span class='ocrx_word' id='word_1_25' title='bbox 1237 453 1250 474; x_wconf 92' lang='lat'>‚</span> <span class='ocrx_word' id='word_1_26' title='bbox 1272 435 1394 463; x_wconf 87' lang='lat' dir='ltr'>nun·-</span> 
     </span>
     <span class='ocr_line' id='line_1_5' title="bbox 109 489 1393 553; baseline 0.002 -19"><span class='ocrx_word' id='word_1_27' title='bbox 109 505 238 552; x_wconf 82' lang='lat' dir='ltr'>quam</span> <span class='ocrx_word' id='word_1_28' title='bbox 271 505 527 550; x_wconf 69' lang='lat' dir='ltr'>argentum,</span> <span class='ocrx_word' id='word_1_29' title='bbox 556 489 637 532; x_wconf 80' lang='lat' dir='ltr'>vix</span> <span class='ocrx_word' id='word_1_30' title='bbox 671 489 904 549; x_wconf 79' lang='lat' dir='ltr'>pecuniam</span> <span class='ocrx_word' id='word_1_31' title='bbox 935 490 1148 537; x_wconf 88' lang='lat' dir='ltr'>donavit:</span> <span class='ocrx_word' id='word_1_32' title='bbox 1181 491 1393 553; x_wconf 82' lang='lat' dir='ltr'>pretiosas</span> 
     </span>
     <span class='ocr_line' id='line_1_6' title="bbox 109 560 1393 624; baseline 0.005 -17"><span class='ocrx_word' id='word_1_33' title='bbox 109 561 279 618; x_wconf 86' lang='lat' dir='ltr'>vestes,</span> <span class='ocrx_word' id='word_1_34' title='bbox 304 577 412 624; x_wconf 75' lang='lat' dir='ltr'>quas</span> <span class='ocrx_word' id='word_1_35' title='bbox 446 560 759 624; x_wconf 67' lang='lat' dir='ltr'>Heliogabalus</span> <span class='ocrx_word' id='word_1_36' title='bbox 796 563 1001 619; x_wconf 79' lang='lat' dir='ltr'>dederat,</span> <span class='ocrx_word' id='word_1_37' title='bbox 1037 563 1168 608; x_wconf 90' lang='lat' dir='ltr'>etiam</span> <span class='ocrx_word' id='word_1_38' title='bbox 1209 565 1393 613; x_wconf 81' lang='lat' dir='ltr'>sustulit.</span> 
     </span>
     <span class='ocr_line' id='line_1_7' title="bbox 110 634 1393 700; baseline 0.003 -20"><span class='ocrx_word' id='word_1_39' title='bbox 110 634 278 680; x_wconf 82' lang='lat' dir='ltr'>Milites</span> <span class='ocrx_word' id='word_1_40' title='bbox 296 670 310 692; x_wconf 91' lang='lat'>‚</span> <span class='ocrx_word' id='word_1_41' title='bbox 325 652 439 697; x_wconf 87' lang='lat' dir='ltr'>quos</span> <span class='ocrx_word' id='word_1_42' title='bbox 463 637 745 700; x_wconf 64' lang='lat' dir='ltr'>osterzfionales</span> <span class='ocrx_word' id='word_1_43' title='bbox 765 648 947 693; x_wconf 86' lang='lat' dir='ltr'>vocant,</span> <span class='ocrx_word' id='word_1_44' title='bbox 969 652 1062 681; x_wconf 89' lang='lat' dir='ltr'>non</span> <span class='ocrx_word' id='word_1_45' title='bbox 1084 638 1302 699; x_wconf 77' lang='lat' dir='ltr'>pretiosis,</span> <span class='ocrx_word' id='word_1_46' title='bbox 1322 638 1393 684; x_wconf 80' lang='lat' dir='ltr'>sed</span> 
     </span>
     <span class='ocr_line' id='line_1_8' title="bbox 112 707 1393 770; baseline 0.002 -15"><span class='ocrx_word' id='word_1_47' title='bbox 112 707 342 769; x_wconf 48' lang='lat' dir='ltr'>speciosisss</span> <span class='ocrx_word' id='word_1_48' title='bbox 371 708 584 770; x_wconf 78' lang='lat' dir='ltr'>clarisque</span> <span class='ocrx_word' id='word_1_49' title='bbox 619 710 811 755; x_wconf 77' lang='lat' dir='ltr'>vestibus</span> <span class='ocrx_word' id='word_1_50' title='bbox 842 709 1060 756; x_wconf 82' lang='lat' dir='ltr'>ornabat:</span> <span class='ocrx_word' id='word_1_51' title='bbox 1092 727 1174 757; x_wconf 89' lang='lat' dir='ltr'>nec</span> <span class='ocrx_word' id='word_1_52' title='bbox 1203 712 1393 757; x_wconf 87' lang='lat' dir='ltr'>multum</span> 
     </span>
     <span class='ocr_line' id='line_1_9' title="bbox 111 781 1394 844; baseline 0.002 -16"><span class='ocrx_word' id='word_1_53' title='bbox 111 782 158 828; x_wconf 87' lang='lat' dir='ltr'>in</span> <span class='ocrx_word' id='word_1_54' title='bbox 190 781 431 843; x_wconf 81' lang='lat' dir='ltr'>figna‚aut</span> <span class='ocrx_word' id='word_1_55' title='bbox 463 782 516 826; x_wconf 91' lang='lat' dir='ltr'>ad</span> <span class='ocrx_word' id='word_1_56' title='bbox 550 795 806 841; x_wconf 75' lang='lat' dir='ltr'>apparatum</span> <span class='ocrx_word' id='word_1_57' title='bbox 841 782 1146 844; x_wconf 81' lang='lat' dir='ltr'>regium,auri</span> <span class='ocrx_word' id='word_1_58' title='bbox 1182 785 1231 830; x_wconf 90' lang='lat'>&amp;</span> <span class='ocrx_word' id='word_1_59' title='bbox 1270 783 1394 830; x_wconf 85' lang='lat' dir='ltr'>serici</span> 
     </span>
     <span class='ocr_line' id='line_1_10' title="bbox 112 854 1394 920; baseline 0.002 -22"><span class='ocrx_word' id='word_1_60' title='bbox 112 854 379 915; x_wconf 85' lang='lat' dir='ltr'>deputabat,</span> <span class='ocrx_word' id='word_1_61' title='bbox 413 854 592 908; x_wconf 80' lang='lat' dir='ltr'>dicens,</span> <span class='ocrx_word' id='word_1_62' title='bbox 622 858 841 915; x_wconf 73' lang='lat' dir='ltr'>Imperium</span> <span class='ocrx_word' id='word_1_63' title='bbox 866 859 910 900; x_wconf 78' lang='lat' dir='ltr'>in</span> <span class='ocrx_word' id='word_1_64' title='bbox 936 859 1083 900; x_wconf 77' lang='lat' dir='ltr'>virtute</span> <span class='ocrx_word' id='word_1_65' title='bbox 1109 855 1210 920; x_wconf 72' lang='lat' dir='ltr'>effi,</span> <span class='ocrx_word' id='word_1_66' title='bbox 1238 875 1320 902; x_wconf 77' lang='lat' dir='ltr'>non</span> <span class='ocrx_word' id='word_1_67' title='bbox 1348 859 1394 901; x_wconf 79' lang='lat' dir='ltr'>in</span> 
     </span>
     <span class='ocr_line' id='line_1_11' title="bbox 115 926 1397 989; baseline 0.003 -17"><span class='ocrx_word' id='word_1_68' title='bbox 115 929 263 972; x_wconf 83' lang='lat' dir='ltr'>decore.</span> <span class='ocrx_word' id='word_1_69' title='bbox 282 926 559 989; x_wconf 82' lang='lat' dir='ltr'>Chlamydes</span> <span class='ocrx_word' id='word_1_70' title='bbox 583 926 720 972; x_wconf 88' lang='lat' dir='ltr'>hirtas</span> <span class='ocrx_word' id='word_1_71' title='bbox 745 927 929 983; x_wconf 83' lang='lat' dir='ltr'>Severi,</span> <span class='ocrx_word' id='word_1_72' title='bbox 949 929 1185 976; x_wconf 85' lang='lat' dir='ltr'>&amp;tunicas</span> <span class='ocrx_word' id='word_1_73' title='bbox 1203 929 1363 976; x_wconf 77' lang='lat' dir='ltr'>asemas</span> <span class='ocrx_word' id='word_1_74' title='bbox 1380 964 1397 987; x_wconf 91' lang='lat'>,</span> 
     </span>
     <span class='ocr_line' id='line_1_12' title="bbox 114 998 1395 1064; baseline 0.005 -22"><span class='ocrx_word' id='word_1_75' title='bbox 114 998 190 1044; x_wconf 90' lang='lat' dir='ltr'>vel</span> <span class='ocrx_word' id='word_1_76' title='bbox 211 999 549 1054; x_wconf 81' lang='lat' dir='ltr'>macrocheras,</span> <span class='ocrx_word' id='word_1_77' title='bbox 573 1015 625 1045; x_wconf 83' lang='lat' dir='ltr'>ex</span> <span class='ocrx_word' id='word_1_78' title='bbox 652 1015 845 1060; x_wconf 82' lang='lat' dir='ltr'>purpura</span> <span class='ocrx_word' id='word_1_79' title='bbox 870 1016 962 1046; x_wconf 87' lang='lat' dir='ltr'>non</span> <span class='ocrx_word' id='word_1_80' title='bbox 986 1017 1171 1064; x_wconf 84' lang='lat' dir='ltr'>magna,</span> <span class='ocrx_word' id='word_1_81' title='bbox 1194 1002 1248 1048; x_wconf 91' lang='lat' dir='ltr'>ad</span> <span class='ocrx_word' id='word_1_82' title='bbox 1267 1001 1395 1048; x_wconf 81' lang='lat' dir='ltr'>usum</span> 
     </span>
     <span class='ocr_line' id='line_1_13' title="bbox 116 1071 526 1117; baseline 0 0"><span class='ocrx_word' id='word_1_83' title='bbox 116 1072 360 1117; x_wconf 79' lang='lat' dir='ltr'>revocavit</span> <span class='ocrx_word' id='word_1_84' title='bbox 384 1071 526 1117; x_wconf 73' lang='lat' dir='ltr'>suurn,</span> 
     </span>
    </p>

    <p class='ocr_par' dir='ltr' id='par_1_3' title="bbox 114 1145 1407 2520">
     <span class='ocr_line' id='line_1_14' title="bbox 179 1145 1399 1210; baseline 0 -17"><span class='ocrx_word' id='word_1_85' title='bbox 179 1148 399 1193; x_wconf 86' lang='lat' dir='ltr'>XXXlV.</span> <span class='ocrx_word' id='word_1_86' title='bbox 425 1150 470 1191; x_wconf 89' lang='lat' dir='ltr'>ln</span> <span class='ocrx_word' id='word_1_87' title='bbox 494 1145 723 1192; x_wconf 88' lang='lat' dir='ltr'>convivio</span> <span class='ocrx_word' id='word_1_88' title='bbox 743 1163 897 1192; x_wconf 88' lang='lat' dir='ltr'>aurum</span> <span class='ocrx_word' id='word_1_89' title='bbox 920 1147 1100 1194; x_wconf 77' lang='lat' dir='ltr'>nesciit:</span> <span class='ocrx_word' id='word_1_90' title='bbox 1119 1148 1284 1210; x_wconf 87' lang='lat' dir='ltr'>pocula</span> <span class='ocrx_word' id='word_1_91' title='bbox 1307 1164 1399 1194; x_wconf 86' lang='lat' dir='ltr'>me-</span> 
     </span>
     <span class='ocr_line' id='line_1_15' title="bbox 114 1219 1398 1281; baseline 0.002 -15"><span class='ocrx_word' id='word_1_92' title='bbox 114 1219 310 1275; x_wconf 86' lang='lat' dir='ltr'>diocria,</span> <span class='ocrx_word' id='word_1_93' title='bbox 335 1220 407 1265; x_wconf 89' lang='lat' dir='ltr'>sed</span> <span class='ocrx_word' id='word_1_94' title='bbox 439 1220 573 1266; x_wconf 79' lang='lat' dir='ltr'>nitida</span> <span class='ocrx_word' id='word_1_95' title='bbox 603 1219 774 1281; x_wconf 78' lang='lat' dir='ltr'>semper</span> <span class='ocrx_word' id='word_1_96' title='bbox 803 1221 970 1266; x_wconf 85' lang='lat' dir='ltr'>habuit.</span> <span class='ocrx_word' id='word_1_97' title='bbox 1003 1222 1316 1268; x_wconf 87' lang='lat' dir='ltr'>Ducentarum</span> <span class='ocrx_word' id='word_1_98' title='bbox 1345 1221 1398 1268; x_wconf 87' lang='lat' dir='ltr'>li-</span> 
     </span>
     <span class='ocr_line' id='line_1_16' title="bbox 119 1291 1398 1356; baseline 0.002 -19"><span class='ocrx_word' id='word_1_99' title='bbox 119 1292 297 1338; x_wconf 84' lang='lat' dir='ltr'>brarum</span> <span class='ocrx_word' id='word_1_100' title='bbox 326 1291 494 1354; x_wconf 78' lang='lat' dir='ltr'>argenti</span> <span class='ocrx_word' id='word_1_101' title='bbox 520 1291 695 1352; x_wconf 86' lang='lat' dir='ltr'>pondus</span> <span class='ocrx_word' id='word_1_102' title='bbox 722 1291 1013 1337; x_wconf 85' lang='lat' dir='ltr'>ministerium</span> <span class='ocrx_word' id='word_1_103' title='bbox 1044 1292 1137 1353; x_wconf 84' lang='lat' dir='ltr'>ejus</span> <span class='ocrx_word' id='word_1_104' title='bbox 1169 1310 1398 1356; x_wconf 69' lang='lat' dir='ltr'>nunquam</span> 
     </span>
     <span class='ocr_line' id='line_1_17' title="bbox 114 1364 1402 1423; baseline 0.001 -13"><span class='ocrx_word' id='word_1_105' title='bbox 114 1364 299 1410; x_wconf 74' lang='lat' dir='ltr'>tranfiit.</span> <span class='ocrx_word' id='word_1_106' title='bbox 327 1364 508 1415; x_wconf 82' lang='lat' dir='ltr'>Nanos,</span> <span class='ocrx_word' id='word_1_107' title='bbox 534 1366 583 1411; x_wconf 71' lang='grc' dir='ltr'>δε</span> <span class='ocrx_word' id='word_1_108' title='bbox 603 1380 762 1420; x_wconf 84' lang='lat' dir='ltr'>nanas,</span> <span class='ocrx_word' id='word_1_109' title='bbox 791 1366 840 1412; x_wconf 86' lang='lat'>&amp;</span> <span class='ocrx_word' id='word_1_110' title='bbox 866 1365 1120 1423; x_wconf 85' lang='lat' dir='ltr'>moriones,</span> <span class='ocrx_word' id='word_1_111' title='bbox 1144 1367 1194 1413; x_wconf 64' lang='grc' dir='ltr'>ὃ(</span> <span class='ocrx_word' id='word_1_112' title='bbox 1219 1366 1402 1412; x_wconf 86' lang='lat' dir='ltr'>vocales</span> 
     </span>
     <span class='ocr_line' id='line_1_18' title="bbox 116 1436 1401 1503; baseline 0 -20"><span class='ocrx_word' id='word_1_113' title='bbox 116 1436 351 1492; x_wconf 80' lang='lat' dir='ltr'>exoletos,</span> <span class='ocrx_word' id='word_1_114' title='bbox 386 1438 435 1483; x_wconf 66' lang='grc' dir='ltr'>ὅ(</span> <span class='ocrx_word' id='word_1_115' title='bbox 471 1436 623 1482; x_wconf 87' lang='lat' dir='ltr'>omnia</span> <span class='ocrx_word' id='word_1_116' title='bbox 662 1449 946 1503; x_wconf 73' lang='lat' dir='ltr'>acroamata,</span> <span class='ocrx_word' id='word_1_117' title='bbox 983 1439 1031 1484; x_wconf 87' lang='lat'>&amp;</span> <span class='ocrx_word' id='word_1_118' title='bbox 1070 1439 1401 1499; x_wconf 86' lang='lat' dir='ltr'>pantomimos,</span> 
     </span>
     <span class='ocr_line' id='line_1_19' title="bbox 117 1507 1399 1571; baseline 0.002 -16"><span class='ocrx_word' id='word_1_119' title='bbox 117 1508 295 1571; x_wconf 83' lang='lat' dir='ltr'>populo</span> <span class='ocrx_word' id='word_1_120' title='bbox 325 1509 547 1556; x_wconf 89' lang='lat' dir='ltr'>donavit:</span> <span class='ocrx_word' id='word_1_121' title='bbox 573 1507 652 1571; x_wconf 90' lang='lat' dir='ltr'>qui</span> <span class='ocrx_word' id='word_1_122' title='bbox 681 1520 826 1554; x_wconf 86' lang='lat' dir='ltr'>autem</span> <span class='ocrx_word' id='word_1_123' title='bbox 862 1509 957 1555; x_wconf 83' lang='lat' dir='ltr'>usui</span> <span class='ocrx_word' id='word_1_124' title='bbox 989 1525 1083 1555; x_wconf 88' lang='lat' dir='ltr'>non</span> <span class='ocrx_word' id='word_1_125' title='bbox 1124 1525 1247 1556; x_wconf 88' lang='lat' dir='ltr'>erant</span> <span class='ocrx_word' id='word_1_126' title='bbox 1266 1546 1280 1569; x_wconf 86' lang='lat'>,</span> <span class='ocrx_word' id='word_1_127' title='bbox 1313 1512 1399 1557; x_wconf 78' lang='lat' dir='ltr'>sin-</span> 
     </span>
     <span class='ocr_line' id='line_1_20' title="bbox 117 1579 1401 1644; baseline 0.004 -20"><span class='ocrx_word' id='word_1_128' title='bbox 117 1580 231 1643; x_wconf 84' lang='lat' dir='ltr'>gulis</span> <span class='ocrx_word' id='word_1_129' title='bbox 269 1579 531 1626; x_wconf 88' lang='lat' dir='ltr'>civitatibus</span> <span class='ocrx_word' id='word_1_130' title='bbox 580 1579 818 1641; x_wconf 86' lang='lat' dir='ltr'>deputavit</span> <span class='ocrx_word' id='word_1_131' title='bbox 858 1581 1040 1626; x_wconf 86' lang='lat' dir='ltr'>alendos</span> <span class='ocrx_word' id='word_1_132' title='bbox 1079 1580 1311 1644; x_wconf 72' lang='lat' dir='ltr'>singulos,</span> <span class='ocrx_word' id='word_1_133' title='bbox 1346 1599 1401 1628; x_wconf 88' lang='lat' dir='ltr'>ne</span> 
     </span>
     <span class='ocr_line' id='line_1_21' title="bbox 117 1652 1402 1717; baseline 0.004 -22"><span class='ocrx_word' id='word_1_134' title='bbox 117 1666 411 1716; x_wconf 85' lang='lat' dir='ltr'>gravarentur</span> <span class='ocrx_word' id='word_1_135' title='bbox 443 1652 586 1714; x_wconf 88' lang='lat' dir='ltr'>specie</span> <span class='ocrx_word' id='word_1_136' title='bbox 630 1652 954 1698; x_wconf 83' lang='lat' dir='ltr'>mendicorum.</span> <span class='ocrx_word' id='word_1_137' title='bbox 988 1654 1258 1710; x_wconf 87' lang='lat' dir='ltr'>Eunuchos,</span> <span class='ocrx_word' id='word_1_138' title='bbox 1284 1670 1402 1717; x_wconf 88' lang='lat' dir='ltr'>quos</span> 
     </span>
     <span class='ocr_line' id='line_1_22' title="bbox 118 1725 1402 1788; baseline 0.001 -16"><span class='ocrx_word' id='word_1_139' title='bbox 118 1725 438 1786; x_wconf 82' lang='lat' dir='ltr'>Heliogabalus</span> <span class='ocrx_word' id='word_1_140' title='bbox 455 1725 559 1772; x_wconf 85' lang='lat' dir='ltr'>&amp;in</span> <span class='ocrx_word' id='word_1_141' title='bbox 580 1725 774 1771; x_wconf 79' lang='lat' dir='ltr'>consiliis</span> <span class='ocrx_word' id='word_1_142' title='bbox 795 1726 998 1786; x_wconf 86' lang='lat' dir='ltr'>turpibus</span> <span class='ocrx_word' id='word_1_143' title='bbox 1014 1726 1218 1784; x_wconf 87' lang='lat' dir='ltr'>habebat,</span> <span class='ocrx_word' id='word_1_144' title='bbox 1236 1728 1284 1773; x_wconf 84' lang='lat'>&amp;</span> <span class='ocrx_word' id='word_1_145' title='bbox 1299 1743 1402 1788; x_wconf 82' lang='lat' dir='ltr'>pro·</span> 
     </span>
     <span class='ocr_line' id='line_1_23' title="bbox 118 1800 1402 1863; baseline 0.001 -17"><span class='ocrx_word' id='word_1_146' title='bbox 118 1801 361 1857; x_wconf 86' lang='lat' dir='ltr'>movebat,</span> <span class='ocrx_word' id='word_1_147' title='bbox 382 1800 570 1845; x_wconf 90' lang='lat' dir='ltr'>donavit</span> <span class='ocrx_word' id='word_1_148' title='bbox 594 1800 938 1855; x_wconf 56' lang='lat' dir='ltr'>amicis‚,addito</span> <span class='ocrx_word' id='word_1_149' title='bbox 959 1800 1111 1863; x_wconf 84' lang='lat' dir='ltr'>elogio</span> <span class='ocrx_word' id='word_1_150' title='bbox 1127 1835 1140 1857; x_wconf 91' lang='lat'>,</span> <span class='ocrx_word' id='word_1_151' title='bbox 1159 1816 1237 1859; x_wconf 85' lang='lat' dir='ltr'>ut,</span> <span class='ocrx_word' id='word_1_152' title='bbox 1254 1801 1283 1845; x_wconf 83' lang='lat' dir='ltr'><strong>fi</strong></span> <span class='ocrx_word' id='word_1_153' title='bbox 1308 1817 1402 1847; x_wconf 87' lang='lat' dir='ltr'>non</span> 
     </span>
     <span class='ocr_line' id='line_1_24' title="bbox 119 1871 1404 1928; baseline 0 -10"><span class='ocrx_word' id='word_1_154' title='bbox 119 1871 348 1918; x_wconf 64' lang='lat' dir='ltr'>rediissent</span> <span class='ocrx_word' id='word_1_155' title='bbox 376 1872 430 1918; x_wconf 92' lang='lat' dir='ltr'>ad</span> <span class='ocrx_word' id='word_1_156' title='bbox 462 1872 609 1918; x_wconf 91' lang='lat' dir='ltr'>bonos</span> <span class='ocrx_word' id='word_1_157' title='bbox 644 1888 820 1928; x_wconf 82' lang='lat' dir='ltr'>mores,</span> <span class='ocrx_word' id='word_1_158' title='bbox 855 1871 1034 1918; x_wconf 90' lang='lat' dir='ltr'>eosdem</span> <span class='ocrx_word' id='word_1_159' title='bbox 1070 1872 1221 1919; x_wconf 89' lang='lat' dir='ltr'>liceret</span> <span class='ocrx_word' id='word_1_160' title='bbox 1256 1872 1404 1920; x_wconf 84' lang='lat' dir='ltr'>occidi</span> 
     </span>
     <span class='ocr_line' id='line_1_25' title="bbox 121 1945 1403 2010; baseline 0 -17"><span class='ocrx_word' id='word_1_161' title='bbox 121 1947 214 1993; x_wconf 85' lang='lat' dir='ltr'>fine</span> <span class='ocrx_word' id='word_1_162' title='bbox 243 1946 506 1992; x_wconf 58' lang='lat' dir='ltr'>auctoritate</span> <span class='ocrx_word' id='word_1_163' title='bbox 533 1945 701 2006; x_wconf 87' lang='lat' dir='ltr'>judicii.</span> <span class='ocrx_word' id='word_1_164' title='bbox 728 1946 939 1992; x_wconf 83' lang='lat' dir='ltr'>Mulieres</span> <span class='ocrx_word' id='word_1_165' title='bbox 970 1945 1183 2004; x_wconf 85' lang='lat' dir='ltr'>infames,</span> <span class='ocrx_word' id='word_1_166' title='bbox 1213 1963 1403 2010; x_wconf 83' lang='lat' dir='ltr'>quarum</span> 
     </span>
     <span class='ocr_line' id='line_1_26' title="bbox 119 2013 1406 2084; baseline 0.001 -18"><span class='ocrx_word' id='word_1_167' title='bbox 119 2018 347 2067; x_wconf 80' lang='lat' dir='ltr'>infinitum</span> <span class='ocrx_word' id='word_1_168' title='bbox 384 2037 617 2067; x_wconf 87' lang='lat' dir='ltr'>numerum</span> <span class='ocrx_word' id='word_1_169' title='bbox 656 2021 1035 2083; x_wconf 74' lang='lat' dir='ltr'>deprehenderat,</span> <span class='ocrx_word' id='word_1_170' title='bbox 1065 2013 1282 2084; x_wconf 73' lang='lat' dir='ltr'>publicari</span> <span class='ocrx_word' id='word_1_171' title='bbox 1315 2021 1406 2081; x_wconf 83' lang='lat' dir='ltr'>jus-</span> 
     </span>
     <span class='ocr_line' id='line_1_27' title="bbox 120 2092 1404 2157; baseline 0.002 -20"><span class='ocrx_word' id='word_1_172' title='bbox 120 2093 193 2149; x_wconf 76' lang='lat' dir='ltr'>sit,</span> <span class='ocrx_word' id='word_1_173' title='bbox 236 2092 426 2139; x_wconf 84' lang='lat' dir='ltr'>exoletis</span> <span class='ocrx_word' id='word_1_174' title='bbox 461 2093 674 2140; x_wconf 87' lang='lat' dir='ltr'>omnibus</span> <span class='ocrx_word' id='word_1_175' title='bbox 711 2094 982 2156; x_wconf 82' lang='lat' dir='ltr'>deportatis,</span> <span class='ocrx_word' id='word_1_176' title='bbox 1019 2094 1238 2157; x_wconf 80' lang='lat' dir='ltr'>aliquibus</span> <span class='ocrx_word' id='word_1_177' title='bbox 1272 2095 1404 2140; x_wconf 84' lang='lat' dir='ltr'>etiam</span> 
     </span>
     <span class='ocr_line' id='line_1_28' title="bbox 122 2165 1406 2230; baseline 0 -18"><span class='ocrx_word' id='word_1_178' title='bbox 122 2165 355 2229; x_wconf 82' lang='lat' dir='ltr'>naufragio</span> <span class='ocrx_word' id='word_1_179' title='bbox 395 2166 570 2224; x_wconf 86' lang='lat' dir='ltr'>merfis,</span> <span class='ocrx_word' id='word_1_180' title='bbox 600 2183 703 2214; x_wconf 92' lang='lat' dir='ltr'>cum</span> <span class='ocrx_word' id='word_1_181' title='bbox 737 2167 898 2230; x_wconf 86' lang='lat' dir='ltr'>quibus</span> <span class='ocrx_word' id='word_1_182' title='bbox 932 2166 1006 2213; x_wconf 90' lang='lat' dir='ltr'>illa</span> <span class='ocrx_word' id='word_1_183' title='bbox 1041 2167 1188 2214; x_wconf 88' lang='lat' dir='ltr'>clades</span> <span class='ocrx_word' id='word_1_184' title='bbox 1216 2166 1406 2214; x_wconf 85' lang='lat' dir='ltr'>consue-</span> 
     </span>
     <span class='ocr_line' id='line_1_29' title="bbox 121 2238 1406 2288; baseline 0.002 -4"><span class='ocrx_word' id='word_1_185' title='bbox 121 2238 324 2285; x_wconf 83' lang='lat' dir='ltr'>tudinem</span> <span class='ocrx_word' id='word_1_186' title='bbox 359 2239 574 2287; x_wconf 87' lang='lat' dir='ltr'>habuerat</span> <span class='ocrx_word' id='word_1_187' title='bbox 609 2240 954 2288; x_wconf 85' lang='lat' dir='ltr'>funestiffimam.</span> <span class='ocrx_word' id='word_1_188' title='bbox 994 2242 1199 2287; x_wconf 86' lang='lat' dir='ltr'>Auratam</span> <span class='ocrx_word' id='word_1_189' title='bbox 1238 2238 1406 2286; x_wconf 84' lang='lat' dir='ltr'>vestem</span> 
     </span>
     <span class='ocr_line' id='line_1_30' title="bbox 122 2311 1405 2376; baseline -0.001 -16"><span class='ocrx_word' id='word_1_190' title='bbox 122 2312 431 2360; x_wconf 86' lang='lat' dir='ltr'>ministrorum</span> <span class='ocrx_word' id='word_1_191' title='bbox 473 2312 545 2360; x_wconf 85' lang='lat' dir='ltr'>vel</span> <span class='ocrx_word' id='word_1_192' title='bbox 583 2314 629 2360; x_wconf 90' lang='lat' dir='ltr'>in</span> <span class='ocrx_word' id='word_1_193' title='bbox 665 2314 850 2376; x_wconf 85' lang='lat' dir='ltr'>publico</span> <span class='ocrx_word' id='word_1_194' title='bbox 887 2313 1114 2361; x_wconf 82' lang='lat' dir='ltr'>convivio</span> <span class='ocrx_word' id='word_1_195' title='bbox 1149 2311 1294 2358; x_wconf 86' lang='lat' dir='ltr'>nullus</span> <span class='ocrx_word' id='word_1_196' title='bbox 1329 2312 1405 2359; x_wconf 91' lang='lat' dir='ltr'>ha·</span> 
     </span>
     <span class='ocr_line' id='line_1_31' title="bbox 123 2385 1407 2449; baseline -0.002 -15"><span class='ocrx_word' id='word_1_197' title='bbox 123 2386 236 2434; x_wconf 87' lang='lat' dir='ltr'>buit.</span> <span class='ocrx_word' id='word_1_198' title='bbox 254 2388 368 2434; x_wconf 84' lang='lat' dir='ltr'>Cum</span> <span class='ocrx_word' id='word_1_199' title='bbox 396 2387 511 2434; x_wconf 86' lang='lat' dir='ltr'>inter</span> <span class='ocrx_word' id='word_1_200' title='bbox 537 2387 639 2435; x_wconf 83' lang='lat' dir='ltr'>suos</span> <span class='ocrx_word' id='word_1_201' title='bbox 658 2388 1014 2444; x_wconf 84' lang='lat' dir='ltr'>convivaretur,</span> <span class='ocrx_word' id='word_1_202' title='bbox 1034 2399 1108 2434; x_wconf 90' lang='lat' dir='ltr'>aut</span> <span class='ocrx_word' id='word_1_203' title='bbox 1130 2385 1376 2449; x_wconf 86' lang='lat' dir='ltr'>Ulpianum</span> <span class='ocrx_word' id='word_1_204' title='bbox 1391 2421 1407 2443; x_wconf 88' lang='lat'>,</span> 
     </span>
     <span class='ocr_line' id='line_1_32' title="bbox 124 2457 1407 2520; baseline 0.001 -14"><span class='ocrx_word' id='word_1_205' title='bbox 124 2473 200 2507; x_wconf 88' lang='lat' dir='ltr'>aut</span> <span class='ocrx_word' id='word_1_206' title='bbox 230 2458 390 2506; x_wconf 68' lang='lat' dir='ltr'>destos</span> <span class='ocrx_word' id='word_1_207' title='bbox 420 2459 626 2508; x_wconf 87' lang='lat' dir='ltr'>homines</span> <span class='ocrx_word' id='word_1_208' title='bbox 656 2460 920 2520; x_wconf 85' lang='lat' dir='ltr'>adhibebat,</span> <span class='ocrx_word' id='word_1_209' title='bbox 949 2471 1000 2507; x_wconf 91' lang='lat' dir='ltr'>ut</span> <span class='ocrx_word' id='word_1_210' title='bbox 1031 2459 1211 2509; x_wconf 83' lang='lat' dir='ltr'>haberet</span> <span class='ocrx_word' id='word_1_211' title='bbox 1241 2457 1407 2507; x_wconf 78' lang='lat' dir='ltr'>fabulas</span> 
     </span>
    </p>
   </div>
  </div>
 </body>
</html>
