1714 2807
310 148 404 209 296
527 148 1390 196 AELIILAMPR1D11

307 251 527 300 inusitatae
553 250 799 310 mensurae,
826 252 960 298 vendi
987 268 1067 299 eos
1094 251 1231 312 jussit:
1254 252 1333 315 qui
1360 268 1463 300 cum
1486 264 1583 317 prei

305 327 418 374 tium
451 343 544 372 non
583 325 868 383 invenirent,
904 342 956 372 ne
985 326 1237 387 exemplum
1268 326 1428 372 malurn
1462 343 1485 373 a
1516 344 1585 375 re-

306 398 407 462 gina
430 399 701 456 nasceretur,
726 398 755 444 fi
781 414 838 445 eo
863 412 1084 453 uteretur,
1100 399 1225 461 quod
1249 398 1333 444 emi
1357 415 1451 444 non
1480 400 1587 462 pos·-

306 471 395 527 set,
425 471 652 518 inauribus
685 470 872 518 Veneris
901 487 979 518 eos
1013 471 1194 519 dicavit.
1222 472 1468 534 Ulpianum
1500 488 1586 535 pro

308 555 459 590 tutore
492 544 671 601 habuit,
702 543 891 605 primum
925 557 1198 606 repugnante
1228 557 1394 602 matre,
1428 544 1588 592 deinde

306 617 468 679 gratias
499 630 684 680 agente,
721 634 851 680 quem
887 617 996 679 saepe
1030 635 1053 663 a
1091 618 1280 664 militum
1314 619 1377 665 ira
1408 619 1586 680 objedht

309 704 519 750 purpurae
545 688 722 733 summa:
753 688 974 734 defendit:
997 701 1128 750 atque
1158 690 1260 736 ideo
1288 690 1484 737 summus
1503 694 1588 738 Im-

309 775 492 820 perator
517 760 624 817 fuit,
655 761 778 822 quod
806 759 900 820 ejus
931 761 1125 808 consiliis
1158 762 1378 824 praecipue
1409 780 1589 825 rempu-

311 830 469 878 blicam
504 831 631 878 rexit.
658 834 705 877 ln
735 832 968 894 procinflu
991 847 1121 896 atque
1151 834 1196 880 in
1227 834 1590 895 expeditionibus

312 903 472 953 mertis
512 904 812 966 papilionibus
848 903 1023 966 prandit
1059 918 1192 968 atque
1228 906 1458 965 coenavit,
1488 924 1588 954 cum

314 977 549 1024 militarem
572 977 721 1024 cibum
739 1012 751 1033 ,
773 979 944 1025 cunflis
966 979 1223 1026 videntibus
1242 993 1374 1043 atque
1401 981 1590 1042 gauden-

312 1049 432 1097 tibus
453 1087 463 1107 ,
489 1050 704 1106 sumerem
727 1051 981 1100 circumiret
1015 1069 1157 1114 prope
1187 1063 1282 1099 tota
1312 1054 1504 1100 tentoria
1522 1088 1536 1110 ,
1566 1070 1590 1098 a

313 1121 447 1183 signis
473 1121 611 1168 abesse
641 1124 864 1169 neminem
895 1135 1134 1185 pateretur.
1156 1123 1199 1170 Si
1225 1124 1324 1187 quis
1353 1125 1406 1171 de
1440 1126 1514 1172 via
1542 1125 1588 1172 in

312 1194 501 1256 alicujus
529 1195 838 1256 possessionem
869 1196 1138 1253 deflexisset,
1164 1212 1248 1257 pro
1280 1196 1491 1258 qualitate
1524 1189 1591 1244 lo'-

313 1268 383 1323 ci,
404 1281 479 1314 aut
504 1267 687 1314 fustibus
713 1268 1024 1328 subjiciebatur
1049 1270 1094 1316 in
1116 1269 1354 1331 conl'pestu
1375 1268 1495 1329 ejus,
1517 1282 1592 1316 aut

315 1340 456 1403 virgis
469 1376 483 1397 ,
499 1354 573 1387 aut
591 1341 985 1398 condemnationi3
1002 1356 1100 1399 aut,
1117 1342 1147 1388 si
1168 1342 1264 1388 haec
1282 1342 1434 1388 omni-a
1455 1343 1591 1389 trans-

313 1412 400 1460 iret
421 1412 609 1477 dignitas
625 1414 853 1473 -hominis,
872 1415 1131 1479 graviffimis
1154 1415 1464 1462 contumeliis:
1489 1432 1591 1462 cum

314 1486 509 1543 diceret,
532 1487 644 1547 vzstze
673 1490 747 1533 hoc
783 1492 831 1534 in
861 1508 960 1550 agro
989 1506 1059 1535 tuo
1078 1491 1203 1548 fieri,
1230 1491 1338 1549 quod
1373 1490 1488 1533 alteri
1508 1488 1592 1548 fa·

315 1561 411 1606 cis?
437 1558 755 1620 Clamabatque
786 1558 965 1622 saepius,
986 1561 1110 1621 quod
1135 1576 1158 1606 a
1191 1557 1447 1622 quibusdam
1464 1594 1478 1616 ‚
1499 1561 1592 1605 sive

314 1631 499 1689 Judaeis,
522 1631 612 1679 five
627 1630 888 1678 Christianis
913 1633 1134 1689 audierat,
1158 1632 1206 1678 δι
1232 1632 1433 1685 tenebat;
1461 1630 1593 1692 idque

317 1721 396 1765 per
425 1719 708 1766 praeconem,
737 1721 838 1750 curn
866 1704 1058 1767 aliquem
1088 1703 1368 1760 emendaret,
1404 1702 1491 1749 dici
1519 1701 1593 1763 ju-

317 1777 450 1824 bebat
465 1814 477 1834 ‚
501 1780 631 1839 Quod
650 1779 727 1824 tibi
737 1780 835 1836 fieri
859 1798 946 1825 non
965 1782 1054 1835 vis,
1073 1780 1189 1823 alteri
1209 1777 1411 1834 nefeceris
1425 1793 1442 1822 .·
1459 1793 1592 1838 quam

317 1851 579 1897 sententiam
609 1851 746 1912 usque
775 1852 888 1897 adeo
918 1850 1101 1906 dilexit,
1131 1863 1175 1895 ut
1205 1851 1254 1896 &
1280 1849 1325 1895 in
1345 1849 1516 1896 Palatio
1544 1851 1594 1896 &

318 1919 366 1968 in
385 1921 570 1981 publicis
588 1922 802 1983 operibus
820 1921 1044 1984 praescribi
1062 1921 1249 1982 juberet.

384 1995 471 2042 Lll.
502 1994 619 2040 Idem
642 2011 745 2042 cum
765 1996 982 2057 quandam
1004 1995 1220 2042 aniculam
1249 1995 1445 2041 affefilam
1472 1992 1594 2053 inju-

319 2066 396 2113 riis
428 2084 453 2113 a
488 2067 628 2114 milite
664 2068 870 2126 audisset,
900 2069 1231 2115 exauctoratum
1274 2084 1374 2113 eum
1409 2066 1596 2124 militia,

323 2138 496 2187 servum
524 2139 563 2186 ei
592 2140 741 2198 dedit,
772 2141 896 2202 quod
929 2139 1088 2187 artifex
1125 2141 1426 2201 carpentarius
1465 2139 1595 2198 esset,

322 2225 370 2258 ut
401 2229 495 2259 eam
525 2212 744 2275 pasceret:
774 2215 823 2261 ὃ(
850 2230 949 2259 cum
985 2212 1188 2259 dolerent
1219 2213 1305 2259 hoc
1334 2211 1493 2257 milites
1526 2210 1596 2257 fa·-

320 2286 436 2332 &um
456 2320 470 2341 ,
500 2284 707 2347 persuasit
746 2285 987 2342 omnibus,
1019 2297 1065 2331 ut
1097 2284 1293 2331 modeste
1322 2283 1512 2339 ferrent,
1547 2284 1599 2331 &

323 2374 400 2404 eos
438 2357 604 2406 terruit.
632 2357 884 2413 Ἀναίμκτιν
921 2356 1154 2420 imperium
1187 2357 1306 2414 eim,
1336 2373 1434 2403 curn
1464 2354 1597 2401 fuerit

322 2433 456 2482 durus
488 2434 534 2482 δέ
568 2432 774 2492 tetricus,
809 2432 977 2482 idcirco
1012 2445 1224 2482 vocatum
1258 2431 1343 2491 est,
1367 2430 1491 2494 quod
1515 2430 1594 2477 Se-
