1637 2785
226 135 731 182 ALEXANDER
775 135 1141 184 SEVERUS.
1254 139 1349 201 χες

71 255 140 284 res
160 239 206 286 δι
225 240 363 294 senes,
377 256 426 286 ac
446 239 558 285 bene
577 239 778 295 meritos,
793 241 839 287 &
855 240 1062 287 locorum
1081 240 1246 302 peritos
1260 280 1271 298 ,
1296 258 1350 289 ac

70 309 290 357 bellorum
307 347 320 368 ‚
337 313 385 358 &
409 310 650 357 castrorum
665 346 677 368 ,
702 312 750 357 &
767 327 924 358 omnes
941 311 1166 368 literatos;
1187 313 1235 359 ὅ(
1259 330 1352 361 ma«.

71 381 190 428 xime
217 397 318 438 eos,
336 381 412 443 qui
429 380 654 428 historiam
676 393 864 428 norant:
886 383 1113 444 requirens
1135 420 1147 439 ‚
1173 385 1282 445 quid
1300 386 1351 431 in

70 454 231 511 rabbus
255 455 417 510 causis,
439 455 592 517 quales
613 454 657 500 in
679 454 1002 515 disceptatione
1028 457 1353 515 versabantur‚‘

71 519 241 574 ve'teres
259 531 550 589 Imperatores
566 528 639 577 vel
653 528 867 587 Romani,
880 528 952 577 vel
970 542 1222 577 exterarum
1243 548 1353 594 gen-⁴

69 598 181 645 tium
210 599 422 650 feciffent.

134 674 276 722 XVfl.
302 674 538 722 Referebat
557 673 829 737 Encolpius,
857 689 950 736 quo
975 674 1049 722 ille
1074 673 1355 722 familiariffi⁴¹

69 762 148 792 mo
164 747 265 794 usus
281 748 366 808 est,
390 749 514 796 illum
532 785 547 806 ,
564 750 594 795 si
613 765 808 812 unquam
835 746 978 794 furem
1002 747 1196 810 judicem
1215 749 1355 800 vidis-j

71 817 158 877 set,
186 835 384 882 paratum
412 822 605 869 habuisse
631 821 840 884 digitum,
863 831 913 867 ut
934 821 998 867 illi
1023 823 1356 873 oculum.erue-1

69 902 158 938 ret.
187 905 359 942 tantum
391 895 544 941 odium
572 911 672 940 eum
697 893 876 940 tenebat
900 909 1085 950 eorum,
1110 895 1164 940 de
1191 893 1355 956 quibus

68 968 190 1028 apud
208 969 247 1014 se
270 969 536 1030 probatum,
559 969 682 1031 quod
702 967 817 1014 fures
839 966 1027 1014 fuissent.
1052 967 1187 1014 Addit
1205 967 1356 1029 Septi-¹

69 1038 183 1085 mius
197 1039 309 1102 ‚qui
323 1040 461 1087 vitam
480 1040 572 1102 ejus
598 1057 690 1086 non
709 1039 996 1086 mediocriter
1017 1039 1247 1087 exsecutus
1265 1039 1355 1098 est‚·

70 1112 182 1157 tanti
214 1113 431 1161 stomachi
471 1114 595 1161 fuisse
630 1116 931 1161 Alexandrum
964 1113 1010 1160 in
1049 1129 1127 1160 eos
1159 1112 1356 1175 judices,

69 1181 147 1242 qui
165 1180 388 1229 furtorum
409 1183 523 1231 fama
545 1183 810 1231 laborassent
826 1219 841 1240 ,
860 1183 1027 1229 etiamsi
1044 1183 1238 1230 damnati
1256 1200 1354 1230 non.

70 1254 226 1314 essent,
256 1269 329 1315 ut,
349 1256 472 1306 sieos
503 1257 603 1305 casu
628 1257 781 1319 aliquo
808 1255 1010 1313 videret,
1035 1256 1352 1303 commotione

70 1326 234 1387 animi,
252 1328 465 1377 stomachi
485 1330 710 1378 choleram
730 1343 988 1384 evomeret,
1009 1341 1111 1375 toto
1137 1329 1265 1375 vultu
1285 1330 1355 1375 in-

70 1399 323 1448 ardescente
339 1438 352 1460 ,
375 1403 434 1450 ita
461 1419 511 1450 ut
535 1403 644 1449 nihil
667 1402 807 1464 posset
829 1402 972 1463 loqui.
993 1403 1108 1448 Nam
1129 1419 1229 1447 cum
1252 1401 1356 1464 qui-

70 1471 170 1519 dam
204 1474 442 1536 Septimius
472 1477 722 1531 Arabinus,
755 1475 950 1521 famosus
987 1475 1175 1522 crimine
1202 1473 1357 1521 furto-

71 1559 169 1590 rum
187 1580 201 1603 ,
229 1547 278 1593 &
310 1546 388 1593 sub
419 1547 713 1611 Heliogabalo
737 1545 827 1609 jam
862 1546 1102 1605 liberatus,
1128 1548 1245 1593 inter
1274 1548 1355 1592 323..

70 1628 250 1663 natores
280 1618 531 1681 Principem
565 1621 790 1666 salutatum
822 1619 1030 1676 venisset,
1060 1619 1355 1676 exclamavit,

76 1692 118 1734 Ο
147 1696 352 1747 numina,
380 1696 422 1737 Ο
451 1697 663 1754 luppiter,
689 1696 729 1739 O
755 1695 843 1741 Dn'
870 1696 1121 1739 immortales
1141 1729 1155 1749 ,
1189 1694 1357 1739 Arabi-

68 1783 149 1812 ητις
175 1787 260 1813 nort
280 1769 424 1828 sblum
457 1772 587 1825 vivit,
606 1787 740 1813 verum
771 1771 892 1813 etiam
923 1770 969 1812 in
986 1771 1185 1813 Senatum
1206 1768 1356 1813 venit?

61 1841 249 1903 jbrtqffis
270 1846 393 1888 etiam
413 1846 459 1887 de
481 1844 731 1903 nze—sperat?
752 1858 838 1888 tam
855 1841 1029 1901 fatuum
1043 1877 1057 1898 ‚
1085 1843 1356 1906 tamstultum

69 1913 145 1977 effe
169 1917 440 1973 mejudicat?
457 1918 736 1964 Salutabatur
755 1930 900 1963 autem
922 1916 1135 1974 nomine,
1155 1918 1246 1964 hoc
1265 1916 1356 1976 est,

70 1995 165 2034 Ave
185 2025 197 2044 ,
230 1993 488 2037 Alexander.
513 2013 516 2016 ·

135 2061 305 2107 XVIII.
331 2062 377 2108 Si
406 2061 504 2125 quis
529 2073 663 2125 caput
685 2061 897 2118 flexisset,
927 2073 1002 2121 aut
1033 2060 1241 2108 blandius
1270 2059 1356 2106 ali-

70 2132 178 2195 quid
205 2133 400 2191 dixisset,
422 2135 487 2180 uti
514 2134 720 2180 adulator
743 2134 815 2179 vel
849 2133 1168 2195 abjiciebatur,
1203 2135 1233 2179 si
1263 2132 1356 2181 loci

69 2206 164 2266 ejus
182 2207 370 2269 qualitas
392 2220 609 2268 pateretur
624 2242 636 2261 ‚
654 2207 725 2254 vel
742 2206 962 2253 ridebatur
980 2207 1151 2269 ingenti
1174 2207 1355 2253 cachin-

70 2294 165 2334 n0‚
191 2279 221 2324 fi
252 2277 345 2339 ejus
373 2278 562 2342 dignitas
592 2278 793 2342 graviori
826 2278 1050 2338 subjacere
1082 2294 1176 2324 non
1212 2279 1356 2339 poss'et

70 2349 259 2411 injuriae.
278 2351 500 2397 Salutatus
522 2351 769 2398 consessum
794 2352 959 2397 obtulit
981 2351 1192 2396 omnibus
1218 2351 1354 2396 Sena-

72 2424 270 2473 toribus:
290 2437 423 2489 atque
442 2424 557 2471 adeo
587 2424 665 2471 nisi
679 2424 893 2473 honestos
911 2426 958 2473 δι
973 2424 1108 2472 bonae
1127 2422 1255 2472 famae
1271 2423 1354 2477 ho·-⁴
