1637 2785
327 92 1144 160 MAXIM‘INIDUO.
1323 125 1374 174 15

166 223 271 269 XV.
302 220 522 269 InterfeE'ti
555 219 714 267 deinde
752 235 910 266 omnes
941 220 1188 276 delatores,
1223 233 1380 266 omnes

103 295 406 352 accusatores,
424 311 581 341 omnes
610 293 739 339 amici
766 292 1018 339 Maximini.
1046 291 1296 338 interfeflus
1322 294 1380 338 est

100 368 289 414 Sabinus
312 366 544 412 Praefeaus
571 366 741 422 Urbis,
757 365 978 428 percussus
1010 365 1053 412 in
1077 367 1263 428 populo.
1289 367 1380 414 Ubi

100 440 195 486 haec
219 438 333 501 gesta
358 437 480 495 sunt,
500 439 686 484 Senatus
708 438 847 499 magis
876 437 1036 482 timens
1056 438 1379 496 Maximinum,

99 526 247 574 aperte
270 529 320 559 ac
341 512 479 558 libere
505 511 652 558 hostes
678 510 869 573 appellat
889 509 1190 556 Maximinum
1213 511 1262 557 &
1286 510 1381 569 ejus

99 584 254 633 filium.
288 585 455 631 Literas
481 578 639 631 deinde
671 585 806 631 mittit
825 584 878 630 ad
901 599 1059 630 omnes
1089 582 1379 645 provincias,
1452 626 1461 638 ,

97 670 147 704 ut
162 657 393 706 communi
413 656 535 702 saluti
561 655 848 718 libertatique
867 654 1162 702 subveniant:
1182 671 1282 717 quae
1305 673 1381 702 au-

97 730 201 777 ditae
236 730 333 776 sunt
360 730 414 775 ab
447 729 668 776 omnibus.
708 728 900 791 denique
937 727 1106 790 ubique
1138 726 1298 783 amici,
1332 728 1380 774 δε

97 802 495 857 administratores,
524 803 573 848 &
605 802 770 858 duce-s,
802 801 973 847 tribuni
1010 802 1059 847 &
1090 799 1253 846 milites
1284 802 1380 846 Ma-

96 876 258 923 ximini
287 875 506 923 interfeffl
535 875 663 922 sunt:
689 892 839 937 paucae
868 874 1078 920 civitates
1101 872 1231 919 fidem
1264 873 1378 919 hosti

96 948 284 1010 publico
314 948 604 994 servaverunt
619 983 632 1001 ‚
650 964 766 1005 quae,
793 945 983 1006 proditis
999 945 1051 991 iis
1067 978 1081 998 ,
1099 944 1178 1005 qui
1198 943 1309 989 miffi
1327 945 1382 990 ad

97 1039 178 1068 eos
202 1022 376 1066 fuerant
392 1055 405 1077 ,
431 1019 485 1065 ad
512 1017 813 1064 Maximinum
841 1017 936 1065 cito
958 1034 1038 1080 per
1059 1017 1229 1065 indices
1253 1018 1383 1064 detu-

95 1093 257 1140 lerunt.
281 1093 525 1139 Literarum
553 1093 737 1137 Senatus
770 1091 1026 1152 exemplum
1056 1090 1145 1137 hoc
1172 1089 1381 1137 fuit:Se-

97 1182 221 1212 natus
237 1165 492 1226 populusque
517 1165 738 1209 Romanus
752 1197 765 1219 ,
776 1181 852 1223 per
872 1163 1112 1208 Gordianos
1132 1166 1349 1225 Principes
1363 1199 1378 1222 ,

96 1241 149 1284 ab
169 1241 245 1284 illa
266 1236 481 1303 tristffma
498 1239 631 1282 bellua
645 1238 806 1281 liberari
822 1252 972 1295 coeptus
988 1270 1001 1292 ,
1020 1237 1350 1297 Proconsulibus
1363 1271 1379 1295 ,

96 1313 343 1376 Praesidibus
355 1347 368 1369 ,
383 1314 563 1373 Legatis,
584 1311 795 1366 Ducibus,
812 1313 1013 1357 Tribunis
1027 1345 1039 1363 ‚
1052 1313 1350 1379 magistratibus
1365 1347 1379 1367 ,

95 1405 145 1432 ac
171 1387 351 1450 fingulis
383 1386 647 1441 civitatibus,
677 1383 720 1431 δ’
748 1386 1016 1445 municipiis,
1048 1382 1090 1431 G*
1112 1386 1303 1445 oppidis,
1337 1383 1379 1431 δ’

93 1463 226 1517 vicis,
254 1457 297 1505 δ’
319 1459 490 1523 castellis
503 1460 684 1517 salutem
702 1493 713 1512 ,
742 1476 863 1519 quam
896 1476 1008 1503 nunc
1024 1460 1208 1518 primum
1233 1459 1378 1518 recipe·

93 1550 132 1578 re
164 1533 308 1593 coepit,
336 1533 452 1579 dicit.
476 1532 582 1575 Diis
595 1530 841 1588 faventibus
868 1530 1132 1575 Gordianum
1148 1530 1379 1589 Proconsu-

94 1609 172 1650 lem
196 1638 210 1661 ,
233 1607 367 1650 virum
386 1603 717 1666 sanffiffimum
741 1600 782 1647 G
810 1602 1087 1665 graviffimum
1111 1606 1348 1648 Senatorem
1363 1634 1377 1657 ‚

93 1679 330 1738 Principem
348 1679 570 1722 meruimus
584 1695 600 1722 .·
620 1677 851 1741 Augustum
873 1679 1204 1737 appellavimus:
1223 1678 1377 1739 necso·

93 1753 178 1795 lum
200 1753 317 1795 illum
335 1783 348 1806 ,
369 1749 451 1808 fid
476 1752 598 1795 eciam
633 1750 678 1793 in
694 1749 931 1814 subsidium
956 1752 1210 1810 reipublicae,
1231 1751 1376 1809 filium

93 1824 184 1882 ejus
216 1823 481 1868 Gordianum
502 1825 675 1868 nobilem
690 1821 902 1879 juvenem.
925 1827 971 1868 V
967 1824 1105 1888 {strum
1132 1823 1184 1888 est
1203 1825 1376 1883 consen-

93 1899 165 1942 tire
191 1895 450 1955 adsalutem
487 1896 710 1955 reipublicae
745 1897 1035 1952 obtinendam,
1068 1892 1111 1940 G*
1143 1898 1203 1940 ad
1225 1897 1378 1955 fielera

91 1968 346 2027 defendenda
364 2001 378 2024 ,
407 1965 451 2013 δ’
474 1971 535 2014 ad
553 1969 671 2013 illam
698 1970 891 2025 belluam,
914 1984 1034 2028 atque
1061 1971 1177 2015 illius
1193 1972 1374 2026 amicos,

94 2044 317 2103 ubicunque
340 2041 529 2100 fuerint,
551 2042 860 2103 persqucendos.
887 2047 932 2087 A
963 2043 1084 2087 nobis
1113 2045 1235 2088 etiam
1272 2046 1374 2088 Ma-

94 2117 285 2160 ximinus
309 2131 399 2160 cum
412 2114 505 2171 filio
513 2115 598 2175 suo
613 2149 627 2170 ,
644 2115 766 2179 hostis
789 2115 841 2180 ss
850 2114 1084 2168 judicatus.

157 2188 281 2234 XVI.
304 2186 679 2234 Senatusconsulti
703 2200 848 2233 autem
879 2187 968 2233 hoc
991 2187 1078 2232 fuit
1102 2187 1374 2250 exemplum.

93 2263 214 2309 Cum
238 2273 423 2307 ventum
456 2261 558 2308 effet
589 2260 635 2307 in
661 2261 800 2306 aedem
830 2260 1096 2318 Castorum,
1128 2261 1251 2306 sexto
1279 2263 1373 2307 Ka-

93 2334 246 2383 lendas
269 2334 441 2392 Junias,
458 2342 660 2396 acceptas
676 2333 822 2380 literas
847 2334 999 2380 lunius
1023 2333 1235 2395 Syllanus
1249 2335 1375 2380 Con-

94 2404 161 2454 sul
194 2423 249 2455 ex
278 2405 453 2468 Africa,
484 2407 708 2455 Gordiani
733 2407 1018 2471 Imperatoris
1040 2406 1176 2454 Patris
1198 2407 1376 2470 patriae,
