1637 2785
315 171 530 216 VJTAE
585 170 683 213 ET
728 169 1117 214 SCRIPTA.
1302 181 1358 213 xr

94 280 198 322 dunt
219 275 335 321 verba
364 277 460 333 illa,
490 294 577 336 qtae
609 276 758 326 adjecit
790 278 882 341 post
910 280 1124 322 edicionem
1148 280 1362 338 primam:

96 350 204 396 Haec
237 347 359 405 sunt,
388 365 489 408 quae
526 350 580 395 de
615 349 793 412 triginta
827 350 1028 412 tyrannis
1065 351 1250 396 dicenda
1288 350 1364 396 vi-

95 421 337 466 debantur:
358 437 472 482 quos
493 437 576 482 ego
600 421 641 466 in
664 439 800 466 unum
824 421 1039 467 volumen
1062 421 1229 468 idcirco
1249 438 1365 468 con-

93 493 202 548 tuli,
229 510 309 547 ne,
341 492 369 537 fi
403 493 455 538 de
478 493 654 556 singulis
688 493 851 555 singula
886 509 1077 555 quaeque
1110 511 1327 539 narrarem
1348 529 1364 552 ‚

95 565 378 612 nascerentur
404 566 582 627 indigna
616 566 807 621 fastidia,
836 568 885 613 &
920 582 996 623 ea,
1023 583 1121 627 quae
1158 566 1272 614 ferre
1301 569 1366 614 le-

95 638 191 682 ἑὶοι·
221 655 312 684 non
351 639 502 701 poffet.
534 638 734 685 Studiose
766 639 809 685 in
845 639 994 685 medio
1028 638 1212 685 feminas
1241 637 1367 701 posui

94 711 146 755 ad
180 711 413 757 ludibrium
440 711 658 767 Gallieni,
689 728 782 774 quo
807 712 916 758 nihil
943 711 1240 775 prodigiofius
1269 711 1368 772 pas-

96 782 135 828 sa
173 783 233 829 est
271 784 511 846 respublica
546 785 764 831 Romana.
800 786 936 831 Duos
971 785 1101 831 etiam
1136 801 1257 831 nunc
1287 800 1369 848 ty-

95 871 290 913 rannos,
323 858 444 918 quali
475 872 597 903 extra
628 875 887 917 numerum,
914 859 1037 920 quod
1067 857 1198 904 alieni
1230 857 1369 903 effent

95 930 339 990 temporis,
386 932 636 977 additurus:
678 949 848 986 unum,
887 931 964 993 qui
1005 929 1090 977 fuit
1134 929 1369 975 Maximini

96 1003 372 1062 temporibus
391 1021 404 1058 3
425 1004 608 1049 alterum
626 1039 637 1060 ,
659 1004 735 1065 qui
759 1003 961 1061 Claudii,
986 1016 1035 1049 ut
1063 1014 1369 1066 tyrannorum

97 1074 237 1122 XXX
263 1077 350 1122 viri
381 1078 467 1123 hoc
498 1078 732 1122 volumine
763 1089 1034 1122 tenerentur.
1062 1074 1259 1134 Quaeso,
1290 1071 1370 1136 qui

97 1148 325 1209 expletum
364 1148 449 1207 jam
485 1148 646 1195 librum
678 1165 911 1210 acceperas
933 1183 946 1203 ,
985 1148 1096 1192 boni
1135 1145 1371 1202 consulas,

97 1231 230 1283 atque
258 1222 344 1267 hos
371 1222 596 1268 volumini
628 1235 708 1269 tuo
743 1221 902 1268 volens
930 1219 1089 1266 addas:
1111 1234 1227 1282 quos
1251 1233 1336 1281 ego
1354 1252 1370 1274 ,

97 1295 470 1354 quemadmodum
507 1295 742 1341 Valentem
781 1294 1054 1356 superiorem
1091 1292 1197 1339 huic
1235 1292 1371 1340 volu-

98 1364 231 1431 mini,
263 1366 318 1412 {ic
351 1368 447 1427 post
468 1367 701 1413 Claudium
738 1368 788 1412 &
825 1366 1140 1422 Aurelianum,
1165 1364 1259 1421 his,
1291 1362 1370 1425 qui

98 1437 214 1484 inter
249 1439 456 1486 Tacitum
503 1443 551 1488 &
594 1440 934 1488 Diocletianum
969 1439 1148 1486 fuerunt
1169 1473 1181 1495 ‚
1211 1437 1372 1483 addere

97 1510 438 1560 destinaveram.
466 1513 550 1558 Sed
579 1529 777 1559 errorem
816 1528 961 1557 meum
995 1511 1138 1569 maior
1175 1508 1373 1554 historiae

98 1583 324 1646 diligentia
346 1600 432 1631 ruae
460 1585 724 1632 eruditionis
746 1584 921 1630 avertit.
944 1585 1100 1629 Habeo
1121 1583 1252 1647 igitur
1275 1598 1373 1645 gra-

99 1656 203 1702 tiam
221 1692 233 1712 ,
257 1658 379 1722 quod
406 1657 582 1704 titulum
615 1674 760 1703 meum
786 1657 1032 1719 prudentiae
1054 1669 1140 1701 tuae
1168 1654 1374 1718 benigni-

98 1739 165 1772 tas
199 1727 417 1787 implevit.
449 1729 597 1774 Nemo
630 1728 675 1774 in
706 1730 876 1791 templo
905 1728 1025 1774 Pacis
1061 1728 1252 1774 didatus
1285 1726 1372 1783 est,

98 1817 170 1848 me
194 1800 378 1846 feminas
414 1801 527 1847 inter
545 1815 786 1865 tyrannos,
809 1819 909 1849 cum
942 1801 1026 1847 risu
1053 1802 1102 1847 ἐξ
1133 1800 1240 1860 joco
1258 1835 1269 1856 ‚
1292 1811 1372 1863 ty·

99 1889 256 1921 rannas
284 1874 520 1931 videlicet,
551 1876 599 1920 &
631 1873 921 1937 tyrannides,
951 1887 1002 1920 ut
1033 1873 1109 1934 ipsi
1134 1874 1187 1919 de
1213 1890 1282 1918 me
1302 1872 1374 1918 so-

99 1946 194 1993 lent
230 1947 415 2006 ᾑεξὶειῑε,
444 1946 647 2010 posuisse.
677 1948 854 1994 Habent
888 1947 1107 2010 integrum
1138 1961 1373 1992 numerum

98 2036 154 2067 ex
192 2019 360 2067 arcanis
398 2019 592 2064 historiae
625 2018 669 2065 in
701 2035 820 2066 meas
858 2018 1001 2064 literas
1037 2018 1197 2064 datum.
1240 2018 1374 2064 Titus

99 2093 247 2150 enim,
271 2093 322 2140 &
349 2091 647 2148 Censorinus,
677 2108 873 2154 quorum
900 2107 1038 2148 unus,
1063 2104 1112 2136 ut
1142 2090 1263 2146 dixi,
1297 2090 1375 2135 sub

98 2164 349 2211 Maximino
366 2200 379 2221 ,
403 2165 512 2211 alter
538 2163 613 2210 sub
634 2163 829 2210 Claudio
858 2163 965 2221 fuit,
984 2165 1115 2209 ambo
1143 2162 1373 2209 ab-iisdem

98 2235 335 2289 militibus,
356 2252 377 2280 a
395 2236 556 2298 quibus
575 2253 767 2298 purpura
790 2236 921 2282 velati
949 2235 1120 2282 fuerant
1134 2271 1147 2292 ,
1166 2235 1375 2282 interem-

99 2309 132 2356 ti
163 2308 273 2355 sunt.
305 2311 519 2356 HacJenus
549 2312 701 2357 Pollio.
736 2313 874 2370 Atque
905 2310 967 2354 ita
1000 2311 1066 2355 ille
1099 2312 1260 2369 quidem
1294 2328 1374 2355 ex·

95 2384 225 2445 plevit
255 2401 463 2429 numerum
494 2386 665 2444 triginta
691 2386 897 2438 virorum,
923 2385 994 2443 qui
1021 2384 1281 2443 tyrannidem
1308 2384 1375 2426 ἰη-

99 2453 321 2521 vafiffint:
352 2458 458 2518 fid,
481 2458 532 2523 fi
563 2460 702 2504 demas
736 2459 993 2516 Zenobiam,
1023 2454 1065 2504 G*
1109 2457 1370 2504 Vmbriam,
