1637 2785
336 152 852 200 'ANTONINUS
901 151 1109 204 PIUS..
1286 159 1348 217 35³⁴

70 272 139 308 ter
166 267 360 322 quatuor
381 256 661 314 consulares,
683 255 845 320 quibus
882 257 1003 303 Italia
1031 254 1348 307 committebat-2

71 345 169 390 tur,
194 330 356 378 eleftus
383 329 444 377 est
479 330 531 377 ad
571 346 668 376 eam
709 343 879 392 partem
917 330 1053 375 ltaliae
1085 330 1351 394 regendam‚

72 405 117 452 in
151 423 238 469 qua
273 405 511 468 plurimum
541 405 787 467 poffidebat
803 440 818 464 ‚
837 421 884 452 ut
905 405 1152 452 Hadrianus
1175 404 1260 454 viri
1278 417 1349 457 taff

70 476 123 523 lis
141 478 190 524 ὅ(
209 477 375 523 honori
396 476 647 524 consuleret
666 478 716 524 &
733 476 888 540 quieti.

53 598 58 601 ,
148 551 217 596 ΙΙΙ.
250 550 395 608 Huic,
429 566 531 597 cum
564 549 732 595 ltaliam
770 558 967 612 regeret,
1000 547 1176 611 imperii
1213 562 1352 596 omen

67 618 228 668 saelum
249 621 323 668 est.
347 639 447 668 nam
469 638 568 670 cum
596 620 790 668 tribunal
812 621 1094 676 ascendisset,
1113 620 1227 667 inter
1245 623 1352 668 alias

67 694 414 742 acclamationes
443 694 608 742 dissum
653 694 744 753 est,
765 698 896 757 Augu
930 715 972 750 e,
1004 697 1091 741 Dii
1120 710 1156 742 te
1170 695 1350 756 firvent.

67 765 436 817 proconsulatum
461 768 572 814 Asiae
592 767 650 814 fic
678 767 791 832 egit,
811 781 859 813 ut
880 768 998 814 solus
1027 784 1164 813 avum
1193 767 1351 815 vince·

67 851 148 885 ret.
171 841 221 884 In
251 839 573 902 proconsulatu
603 840 735 886 etiam
768 840 826 887 fic
855 839 1029 903 imperii
1054 854 1191 886 omen
1219 855 1349 885 acce-

67 910 158 974 pit:
182 929 281 958 nam
306 930 408 960 cum
431 913 636 960 sacerdos
652 913 818 960 femina
835 912 1000 959 Trallis
1019 930 1072 959 ex
1094 929 1218 958 more
1243 929 1348 974 pro-

69 986 272 1032 consules
299 986 468 1048 lemper
491 987 581 1033 hoc
607 986 791 1034 nomine
819 986 1055 1041 salutaret,
1081 1002 1174 1032 non
1209 985 1349 1043 dixit,

67 1061 163 1103 Ave
188 1060 440 1118 proconsizl,
467 1058 538 1106 sed
559 1064 653 1107 Ave
685 1064 914 1121 istzperator.
940 1061 1105 1125 Cyzici
1133 1062 1262 1107 etiam
1293 1060 1349 1105 de

67 1129 304 1177 simulacro
322 1132 411 1177 Dei
436 1132 490 1178 ad
514 1131 697 1179 statuam
726 1132 821 1194 ejus
842 1150 1015 1180 corona
1036 1134 1247 1180 translata
1274 1132 1350 1179 est,

68 1203 125 1247 Et
163 1204 263 1265 post
293 1204 600 1263 consulatum,
635 1206 682 1252 in
709 1206 927 1253 viridario
963 1220 1116 1253 taurus
1150 1215 1349 1253 marmo-

66 1291 192 1334 reus,
227 1278 443 1326 cornibus
479 1281 608 1327 ramis
641 1279 815 1328 arboris
850 1281 1236 1338 accrescentibus,
1267 1297 1349 1342 ap-

66 1350 227 1412 pensus
253 1353 339 1399 est:
368 1354 418 1401 ὃς
447 1352 597 1417 fulgur
631 1353 755 1401 coelo
784 1352 967 1412 sereno,
1000 1354 1090 1400 sine
1119 1370 1268 1411 noxa,
1302 1352 1352 1398 int

66 1422 160 1484 ejus
196 1424 384 1472 domum
421 1426 574 1474 venit:
601 1427 650 1474 &
682 1426 727 1472 in
755 1427 932 1474 Etruria
952 1426 1103 1483 dolia,
1135 1443 1234 1489 quae
1269 1425 1350 1471 de-

67 1496 178 1545 foffa
208 1497 412 1558 fuerant,
446 1499 568 1562 supra
605 1513 765 1548 terram
804 1512 977 1562 reperta
1017 1499 1141 1546 sunt:
1170 1500 1219 1546 ὃ(
1255 1497 1350 1558 ejus

67 1570 224 1620 statuas
250 1573 296 1619 in
324 1574 453 1620 omni
485 1573 658 1620 Etruria
680 1590 868 1619 examen
902 1589 1034 1636 apum
1055 1572 1275 1634 replevit:
1300 1574 1350 1620 δε

67 1641 249 1693 somnio
268 1644 381 1708 saepe
399 1647 600 1693 monitus
614 1681 627 1702 ,
648 1646 688 1692 se
707 1649 732 1672 *
755 1645 932 1708 penitus
952 1644 1045 1706 ejus
1064 1643 1271 1690 Hadriani
1292 1643 1352 1690 sis

67 1719 316 1768 mulacrum
334 1720 538 1769 inserere.
562 1720 856 1767 Proficiscens
875 1719 928 1766 ad
950 1719 1315 1782 proconsulatum
1333 1754 1351 1776 2

68 1792 204 1840 filiam
225 1793 444 1857 majorem
464 1794 617 1842 amisit.
639 1796 714 1842 De
744 1795 875 1857 hujus
903 1809 1047 1841 uxore
1069 1792 1209 1840 multa
1237 1792 1351 1839 dieta

68 1866 168 1913 sunt
199 1868 261 1915 ob
293 1868 476 1916 nimiam
500 1869 752 1916 libertatem
773 1870 821 1916 &
844 1867 1037 1915 vivendi
1064 1866 1318 1914 facilitatem
1333 1900 1351 1923 ,

68 1956 169 2003 quae
193 1940 270 1988 iste
303 1958 404 1990 cum
439 1941 575 1989 animi
605 1941 766 1988 dolore
796 1939 1066 2004 compreffit.
1098 1938 1200 1986 Post
1239 1953 1352 2001 pro-

69 2012 379 2069 consulatum,
404 2013 451 2062 in
480 2013 679 2063 consiliis
713 2013 928 2060 Hadriani
952 2014 1111 2060 Romae
1139 2010 1354 2074 frequens

71 2085 218 2143 vixit3
247 2088 301 2135 de
335 2087 576 2147 omnibus,
603 2088 657 2135 de
677 2087 838 2151 quibus
866 2087 1118 2135 Hadrianus
1148 2084 1352 2135 consulee

71 2160 174 2216 bat,
197 2161 422 2210 mitiorem
446 2162 706 2210 sententiam
735 2162 909 2225 semper
939 2162 1189 2208 ostendens.

148 2235 222 2280 lV.
245 2236 399 2282 Genus
429 2233 528 2283 sane
557 2234 817 2297 adoptionis
850 2235 937 2282 tale
970 2234 1123 2280 fertur.
1157 2234 1351 2279 Mortuo

71 2305 192 2353 AElio
214 2308 368 2365 Vero,
397 2324 533 2371 quem
558 2308 637 2353 fibi
665 2307 917 2355 Hadrianus
950 2307 1273 2368 adoptaverat,
1300 2306 1352 2353 &

73 2377 293 2424 Caesarem
312 2395 675 2442 nuncupaverat,
691 2381 782 2426 dies
803 2381 987 2426 Senatus
1009 2377 1273 2425 habebatur:
1296 2391 1354 2424 eo

80 2450 239 2501 Arrius
273 2452 561 2516 AntoninuS,
595 2453 739 2503 soceri
771 2452 952 2517 vestigia
982 2452 1164 2512 levam,
1199 2451 1356 2508 venit3

976 2524 1015 2571 C
1050 2542 1087 2583 4-
