1714 2807
345 167 431 230 138

488 496 936 565 TREBELLII
995 498 1468 568 POLLIONIS

340 681 790 759 DIVUS
865 681 1614 761 CLAUDIUS

940 882 1033 922 AD

585 1052 1189 1102 CONSTANTINUM
1234 1053 1401 1102 AUG.

345 1380 377 1426 1.
411 1338 686 1426 VENTUM
712 1375 773 1423 est
793 1376 847 1423 ad
871 1376 1122 1439 Principem
1152 1377 1423 1435 Claudium,
1439 1378 1516 1440 qui
1538 1394 1620 1423 no-

344 1452 437 1510 bis,
464 1451 630 1497 intuitu
661 1450 915 1498 Constantii
942 1451 1153 1509 Caesaris,
1182 1469 1284 1498 cum
1309 1468 1414 1499 cura
1441 1452 1486 1497 in
1518 1452 1620 1497 lite-

345 1527 405 1573 ris
423 1526 685 1589 digerendus
712 1524 787 1572 est.
803 1525 856 1572 de
885 1541 978 1588 quo
1002 1542 1089 1589 ego
1115 1526 1288 1573 idcirco
1308 1525 1506 1573 recusare
1525 1542 1621 1571 non

345 1600 500 1663 potui,
519 1600 646 1662 quod
671 1599 810 1655 alios,
832 1598 1146 1646 tumultuarios
1169 1599 1403 1655 videlicet,
1428 1600 1623 1658 Impera-

345 1685 468 1719 tores
495 1689 547 1718 ac
573 1672 751 1734 regulos
777 1670 1031 1733 scripseram
1051 1688 1107 1717 eo
1127 1671 1270 1729 libro,
1291 1687 1423 1734 quem
1450 1672 1521 1715 De
1545 1673 1624 1714 tri-

343 1751 465 1809 ginta
495 1750 689 1808 (yranrzis
713 1745 856 1802 edidi,
886 1746 963 1808 qui
992 1746 1340 1807 Cleopatranam
1370 1743 1502 1790 etiam
1530 1742 1625 1788 ssir-

346 1837 447 1882 pem
463 1855 477 1875 ,
501 1822 550 1867 &
578 1818 879 1875 wilm-inam,
904 1821 953 1866 δε
978 1836 1076 1881 quae
1103 1835 1222 1865 nunc
1245 1818 1307 1864 est
1323 1853 1337 1875 ,
1365 1817 1546 1864 detinet.
1570 1815 1622 1861 fi-

347 1892 526 1954 quidem
557 1909 613 1938 eo
640 1909 706 1938 res
734 1892 967 1954 processit,
996 1905 1044 1936 ut
1076 1891 1311 1938 mulierum
1344 1890 1477 1936 etiam
1510 1889 1624 1936 vitas

348 1965 480 2012 scribi
503 1965 696 2011 Gallieni
720 1963 1002 2025 comparatio
1022 1962 1236 2009 effecerit.
1253 1977 1398 2025 neque
1415 1960 1534 2007 enim
1560 1958 1624 2006 fas

348 2052 442 2085 erat
463 2054 563 2084 eum
589 2051 733 2084 tacere
763 2038 1041 2098 Principem,
1066 2036 1140 2099 qui
1169 2049 1337 2082 tantam
1363 2034 1533 2097 generis
1561 2033 1625 2079 sui

349 2112 552 2175 prolem,
583 2112 659 2173 qui
689 2112 854 2158 bellum
883 2110 1135 2158 Gothicum
1166 2109 1239 2155 sua
1268 2108 1436 2155 virtute
1464 2106 1624 2155 confe-

349 2184 437 2237 cit,
457 2184 536 2245 qui
562 2200 737 2230 manum
766 2183 959 2246 publicis
987 2181 1186 2229 cladibus
1213 2181 1360 2228 victor
1385 2178 1623 2242 imposuit,

351 2257 430 2320 qui
455 2256 718 2303 'Gallienum
735 2291 748 2311 ‚
766 2254 1072 2317 prodigiosum
1097 2257 1436 2317 Imperatorem,
1461 2251 1624 2297 etiamst

351 2346 446 2376 non
467 2331 618 2377 auctor
636 2330 808 2377 consilii
827 2329 938 2386 fuit,
959 2341 1103 2375 tamen
1122 2327 1210 2388 ipse
1232 2327 1522 2388 imperaturus
1542 2324 1625 2370 bo-

351 2417 415 2447 no
431 2401 601 2464 generis
621 2401 828 2459 humani,
847 2417 870 2447 a
888 2400 1255 2464 gubernaculibus
1274 2397 1463 2460 publicis
1479 2397 1622 2457 depu-

351 2473 426 2518 lit:
455 2472 532 2535 qui
565 2472 596 2518 s1
627 2472 789 2519 diutius
819 2472 864 2519 in
904 2473 986 2519 hac
1013 2470 1115 2518 effet
1152 2481 1459 2520 commoratus
1494 2485 1624 2531 repu-
