1637 2785
331 145 1128 195 GALLIENIDUO.
1311 164 1368 212 93

90 266 320 317 pererant‚
339 254 591 300 Herennius
615 255 662 299 &
687 252 921 299 Timolaus
937 288 949 309 ,
971 252 1063 314 ipsa
1083 250 1266 314 suscepit
1286 253 1375 299 irn-

90 327 259 388 perium
276 362 288 382 ,
316 326 479 388 diuque
503 325 618 370 rexit
649 339 742 368 non
777 324 1050 370 muliebriter
1068 359 1081 382 ,
1103 341 1247 387 neque
1275 341 1373 372 mo·

90 414 137 444 re
166 397 376 444 femineo.
406 396 476 442 sed
499 396 757 441 non-solum
791 396 1004 442 Gallieno
1033 396 1188 459 virago
1215 398 1372 445 melius

90 469 307 532 imperare
330 469 539 531 potuifl'et
555 503 568 525 ,
587 484 745 515 verum
771 468 896 514 etiam
915 468 1063 515 multis
1086 469 1373 529 Imperatori-

90 543 173 588 bus
194 542 353 588 fortius
378 555 511 604 atque
536 541 773 588 sollertius.
797 541 1008 587 Gallieno
1034 540 1132 587 sane
1161 543 1236 588 ubi
1263 560 1375 588 nun·

89 613 268 670 tiatum,
301 613 556 658 Odenatum
597 612 914 670 interemtum,
949 613 1116 659 bellum
1147 613 1284 659 Persis
1320 614 1375 660 ad

89 685 226 733 seram
259 686 389 733 nimis
418 684 657 732 vindiciam
694 685 828 749 patris
862 686 1061 748 paravit,
1092 686 1376 750 collectisque

88 777 169 823 per
195 760 507 808 Heraclianum
538 761 696 808 ducem
727 759 967 818 militibus,
994 760 1182 808 sollertis
1202 761 1375 807 Princi-

89 833 158 896 pis
181 850 269 879 rem
299 834 487 896 gerebat.
514 831 590 895 qui
617 837 770 879 tamen'
794 833 1085 880 Heraclianus
1102 868 1115 891 ,
1136 849 1235 879 cum
1258 849 1374 879 con—

90 920 158 952 tra
193 905 338 953 Persas
378 905 606 968 profefms
651 906 777 962 effer,
820 922 843 951 a
881 905 1159 969 Palmyrenis
1202 906 1343 952 viEius
1360 940 1375 962 ,

92 995 248 1025 omnes
265 1015 279 1035 ,
299 995 414 1041 quos
448 994 709 1042 paraverat,
732 979 895 1026 milites
929 979 1146 1042 perdidit,
1170 980 1374 1027 Zenobia

91 1053 372 1116 Palmyrenis
406 1056 454 1100 δέ
484 1053 793 1100 Orientalibus
825 1054 1046 1116 plerisque
1070 1054 1260 1101 viriliter
1293 1055 1374 1102 im-

91 1139 287 1187 perante.
313 1127 431 1171 Inter
453 1125 548 1172 haec
568 1126 772 1189 Scythae,
801 1143 879 1188 per
903 1126 1126 1172 Euxinum
1159 1128 1373 1190 navigan·

92 1210 184 1256 tes,
209 1199 361 1245 Istrum
387 1199 590 1262 ingreffi,
612 1199 749 1244 multa
774 1198 927 1260 gravia
956 1198 1001 1243 in
1034 1198 1131 1245 solo
1161 1199 1371 1245 Romano

92 1271 307 1318 fecerunt.
331 1271 493 1332 quibus
520 1271 786 1332 compertis,
815 1271 1046 1318 Gallienus
1075 1273 1371 1319 Cleodamum

91 1343 141 1389 &
164 1344 426 1389 Athenaeum
450 1342 719 1405 Byzantios,
741 1343 1032 1389 instaurandis
1063 1344 1248 1397 urbibus
1275 1362 1374 1389 mu-

92 1415 350 1478 niendisque
387 1415 614 1475 praefecit:
649 1428 982 1478 pugnatumque
1012 1416 1074 1462 est
1103 1417 1218 1463 circa
1252 1417 1374 1461 Pon·

91 1500 209 1545 tum,
236 1490 283 1535 &
303 1505 326 1534 a
354 1488 583 1551 Byzantiis
605 1488 796 1535 ducibus
821 1488 927 1534 viffi
952 1488 1049 1535 sunt
1075 1488 1264 1534 barbari.
1290 1491 1371 1534 ve·

90 1561 279 1606 neriano
294 1561 397 1606 item
417 1562 554 1618 duce,
573 1562 722 1607 navali
741 1561 860 1607 bello
879 1561 1021 1607 Gothi
1037 1561 1227 1623 superati
1249 1561 1369 1608 sunt:

91 1644 185 1677 tum
218 1631 309 1692 ipse
341 1633 616 1677 Venerianus
659 1633 839 1679 militari
870 1633 999 1694 periit
1031 1646 1192 1680 morte.
1228 1638 1374 1695 Atque

91 1703 195 1749 inde
216 1702 436 1766 Cyzicum
460 1704 506 1750 &
531 1704 703 1759 Asiam,
728 1704 937 1766 deinceps
957 1704 1167 1765 Achaiam
1190 1721 1372 1751 omnem

91 1776 409 1832 vastaverunt,
439 1778 487 1822 &
519 1778 572 1822 ab
596 1777 964 1834 Atheniensibus,
994 1779 1105 1826 duce
1126 1780 1371 1841 Dexippo,

91 1852 309 1914 scriptore
334 1853 496 1898 horum
524 1865 808 1914 temporum,
836 1851 942 1898 vieti
973 1852 1085 1900 sunt.
1114 1853 1235 1898 unde
1264 1853 1373 1914 pulsi

94 1941 174 1987 per
209 1925 392 1983 Epirum
415 1959 428 1982 ,
451 1924 765 1987 ‚Acarnaniam
789 1959 802 1980 ,
838 1923 1063 1972 Boeotiam
1087 1960 1102 1981 ,
1141 1926 1373 1989 pervagati

22 2028 27 2037 ·
95 1998 206 2044 sunt.
236 1998 467 2044 Gallienus
491 1997 684 2055 interea,
709 1998 787 2044 vix
815 1997 1035 2045 excitatus
1068 1999 1257 2060 publicis
1279 2016 1374 2044 ma-

93 2072 173 2127 lis,
202 2072 369 2119 Gothis
405 2073 669 2135 vagantibus
697 2089 773 2134 per
807 2072 1040 2136 Illyricum
1075 2072 1294 2127 occurrit,
1325 2074 1374 2121 δι’

93 2145 286 2191 fortuito
324 2145 541 2206 plurimos
573 2146 809 2193 interemit.
836 2162 929 2208 quo
964 2159 1229 2206 comperto,
1259 2146 1374 2208 Scy-

93 2218 186 2263 thae
216 2217 323 2262 fabia
353 2217 578 2279 carragine
607 2234 684 2278 per
721 2231 919 2263 montem
952 2216 1184 2262 Gefi'acem
1224 2214 1374 2278 fugere

94 2290 196 2336 sunt
229 2290 393 2335 conati.
418 2291 588 2336 Omnes
621 2290 724 2336 inde
752 2291 943 2353 Scythas
974 2289 1220 2334 Martianus
1250 2289 1374 2336 varia

95 2363 318 2408 bellorum
348 2362 529 2408 fortuna
555 2362 764 2424 agitavit:
792 2380 891 2426 quae
920 2377 1076 2409 omnes
1100 2360 1291 2425 Scythas
1319 2362 1374 2410 ad

63 2443 68 2447 ”
96 2435 387 2483 rebellionem
416 2435 684 2484 excitarunt.
