1714 2807
304 179 403 229 ,290
521 166 753 215 AEL11
819 172 1392 222 LAMPRIDII

306 293 467 325 eorum
506 279 804 327 contrahens:
836 282 885 328 δε
917 281 1115 328 nundina
1149 296 1299 329 vetera
1331 300 1385 330 ex
1424 284 1582 332 ordine

302 348 522 407 instituit,
545 351 618 398 vel
650 351 769 410 dies,
796 354 871 399 vel
895 364 1111 416 tempora.
1142 356 1404 415 Qua-’stores
1432 357 1583 403 candi-

306 421 437 469 datos
466 437 521 468 ex
557 421 628 469 sua
655 422 846 485 pecunia
879 423 995 484 juffit
1023 442 1205 472 munera
1234 427 1408 488 populo
1444 427 1582 486 dare,

302 494 378 541 sed
397 506 444 541 ut
476 495 572 557 post
592 494 856 558 quaesturam
878 509 1089 558 praeturas
1108 498 1390 559 acciperent,
1410 500 1457 546 δι
1478 498 1581 544 inde

303 565 560 630 provincias
585 579 814 631 regerent:
839 569 1028 615 arcarios
1051 584 1163 614 vero
1188 569 1404 629 instituit,
1424 572 1499 634 qui
1525 572 1581 617 de

302 655 405 687 arca
430 637 523 686 fisci
546 639 727 687 ederent
751 656 958 697 munera,
981 641 1222 702 eademque
1248 642 1463 702 parciora.
1487 643 1579 688 Ha—

303 711 401 759 buit
419 713 463 759 in
487 712 667 769 animo,
692 725 741 759 ut
761 728 940 758 munera
963 728 1041 775 per
1065 726 1213 760 totum
1227 730 1396 759 annum
1414 714 1580 776 disper·

299 797 452 850 geret,
484 797 532 831 ut
560 802 638 847 per
665 784 844 847 triginta
872 784 964 831 dies
993 801 1153 831 munus
1183 785 1357 846 populo
1376 786 1579 834 daretur:

298 857 372 905 sed
393 875 470 906 cur
493 857 536 904 id
557 873 650 903 non
672 856 824 905 fecerit
840 893 853 913 ‚
873 858 918 902 in
948 858 1134 904 occulto
1163 857 1370 904 habetur.
1392 858 1577 921 Capito-

297 929 406 978 lium
428 930 614 994 septimo
639 929 708 976 die
723 964 737 987 ,
759 945 859 976 curn
880 928 923 974 in
950 930 1068 976 Urbe
1086 929 1207 987 esset,
1226 929 1446 987 ascendit,
1467 945 1579 978 tem-

300 1005 373 1069 pla
410 1002 729 1066 frequentavit.
759 1001 939 1048 Christo
965 1003 1178 1065 templum
1210 1001 1355 1061 facere
1392 1003 1578 1061 voluit,³

264 1086 266 1088 ’
298 1093 493 1141 eumque
524 1076 639 1123 inter
672 1076 801 1123 Deos
838 1076 1062 1156 recipere,
1090 1075 1214 1136 quod
1247 1077 1294 1122 δε
1329 1075 1581 1122 Hadrianus

295 1150 506 1216 cogitasse
525 1150 687 1206 fertur,
719 1149 797 1212 qui
824 1149 988 1210 templa
1021 1149 1066 1194 in
1088 1148 1298 1194 omnibus
1318 1148 1578 1196 civitatibus

295 1226 388 1275 fine
425 1222 665 1271 fimulacris
699 1221 876 1282 jusserat
915 1220 1042 1267 fieri:
1078 1237 1176 1284 quae
1207 1221 1343 1267 hodie
1371 1221 1577 1282 idcirco,

294 1298 402 1364 quia
430 1312 524 1342 non
549 1295 711 1341 habent
741 1295 946 1350 numina,
967 1292 1175 1339 dicuntur
1204 1294 1455 1352 Hadriani,
1477 1311 1577 1356 quae

295 1372 374 1419 ille
395 1370 448 1417 ad
471 1370 560 1415 hoc
590 1365 755 1429 paraffe
779 1366 1009 1411 dicebatur
1031 1382 1043 1411 ε
1071 1365 1141 1410 sed
1165 1366 1418 1425 prohibitus
1441 1368 1501 1414 e'st
1521 1369 1576 1415 ab

295 1441 352 1490 iis
367 1478 381 1499 ,
402 1439 477 1503 qui
491 1474 503 1495 ,
518 1437 801 1487 consulentes
826 1435 940 1482 sacra
958 1470 969 1492 ‚
988 1448 1241 1497 repererant
1265 1453 1422 1484 omnes
1439 1439 1576 1484 Chri-

294 1514 463 1562 stianos
496 1510 700 1568 futuros,
725 1509 757 1555 fi
791 1509 836 1555 id
866 1521 1026 1571 optato
1053 1507 1298 1565 evenisset,
1335 1511 1383 1557 &
1410 1511 1576 1573 templa

295 1588 467 1651 reliqua
501 1584 752 1632 deserenda.

361 1663 524 1710 XLIV.
553 1662 601 1706 In
633 1658 747 1719 jocis
788 1656 1040 1703 Alexander
1069 1654 1337 1702 dulcissimus
1372 1655 1456 1702 fuit
1477 1692 1492 1715 ‚
1529 1657 1574 1705 in

294 1734 457 1783 sabulis
493 1730 720 1786 amabilis,
749 1728 794 1774 in
827 1728 1059 1775 conviviis
1089 1727 1258 1785 comis,
1289 1727 1348 1773 ita
1381 1742 1430 1774 ut
1458 1729 1576 1790 quis·

294 1824 386 1875 que
414 1805 643 1869 posceret,
672 1802 796 1866 quod
819 1802 966 1848 vellet.
1000 1802 1069 1847 Ad
1092 1817 1248 1846 aurum
1269 1801 1572 1863 colligendum

292 1892 488 1931 attentus
510 1916 521 1936 ,
551 1878 603 1924 ad
642 1877 906 1923 servandum
937 1889 1091 1922 cautus
1111 1911 1123 1931 ,
1162 1875 1215 1921 ad
1249 1875 1573 1921 inveniendum

294 1952 543 2004 sollicitus,
578 1949 649 1996 sed
681 1949 770 1995 fine
801 1947 1058 2010 cujusquam
1098 1947 1294 1994 excidio.
1329 1949 1494 2011 Syrum
1531 1947 1572 1994 se

293 2026 382 2073 dici
410 2023 583 2080 noluit,
615 2021 684 2067 sed
708 2039 732 2067 a
756 2021 995 2081 majoribus
1022 2022 1293 2066 Romanum.
1320 2021 1372 2065 Et
1395 2019 1575 2067 stemma

287 2096 465 2163 generis
503 2094 795 2156 depinxerat,
828 2110 920 2156 quo
952 2092 1296 2148 ostendebatur,
1315 2108 1453 2154 genus
1478 2090 1572 2152 ejus

293 2188 320 2219 a
363 2168 554 2215 Metellis
585 2166 861 2212 descendere.
895 2163 1204 2219 Rhe-toribus,
1240 2161 1536 2224 grammaticis
1556 2196 1572 2220 ,

290 2241 479 2291 medicis
498 2277 510 2295 ‚
532 2238 834 2299 haruspicibus
853 2271 865 2291 ‚
892 2234 1245 2289 mathematicis,
1275 2233 1540 2280 mechanicis
1559 2267 1575 2290 ‚

287 2313 543 2362 architeilis
586 2310 733 2356 salaria
773 2307 989 2363 instituit,
1015 2309 1063 2353 &
1089 2305 1570 2362 ειιάἰῐοτί3’ἀεετενίῐ;

293 2389 343 2434 &
372 2385 615 2445 discipulos
644 2399 743 2429 cum
769 2380 960 2426 annonis
984 2396 1222 2441 pauperum
1255 2377 1399 2433 filios,
1429 2377 1572 2422 modo

289 2459 545 2523 ingeanS,
573 2454 664 2503 dari
694 2452 822 2516 juffit.
857 2454 1000 2500 Etiam
1039 2451 1087 2501 in
1117 2450 1371 2515 provinciis
1413 2462 1569 2500 mame
