1714 2807
328 153 418 203 118
557 153 947 199 TREBELLII
996 150 1394 198 POLLIONIS

325 276 474 306 uxore
504 258 705 306 Zenobia
724 294 738 315 ,
768 259 818 304 δι
847 256 943 303 filio
974 256 1175 316 majore,
1205 255 1278 305 cui
1316 267 1410 303 erat
1449 271 1620 305 nomen

326 332 560 389 Herodes,
590 329 845 378 minoribus
865 329 1153 376 Herenniano
1176 332 1224 377 &
1251 328 1497 385 Timolao,
1518 330 1619 376 col-

326 406 447 451 lecto
478 403 679 450 exercitu
709 414 866 449 contra
900 401 1048 448 Persas
1078 401 1304 465 profecius
1335 401 1409 447 est.
1444 401 1620 448 Nisibin

325 478 523 541 primum
554 477 603 524 &
631 475 836 523 Orientis
865 474 1073 536 pleraque
1092 510 1104 532 ‚
1132 490 1234 521 cum
1253 474 1380 520 omni
1401 476 1622 536 Melopo-

325 548 489 603 tamia,
512 548 557 592 in
586 546 847 608 potestatem
876 546 1075 608 recepit,
1102 546 1263 592 deinde
1295 544 1434 606 ipsum
1469 562 1621 608 regem

327 621 495 667 vitium
522 619 674 682 fugere
697 619 873 682 coegit:
892 617 1122 680 postremo
1143 617 1434 680 Ctesiphonta
1457 619 1622 681 usque,

327 696 543 757 Saporem
574 697 622 742 ὅ(
651 692 744 754 ejus
779 693 946 739 liberos
977 691 1256 754 persecutus,
1279 692 1418 753 captis
1447 708 1623 740 concu-

328 767 469 824 binis,
492 781 619 830 capta
633 768 765 813 etiam
796 782 954 830 magna
971 765 1145 828 praeda,
1167 766 1220 813 ad
1254 765 1492 813 Orientem
1516 782 1623 812 ver·

329 842 412 899 tit,
432 843 605 904 sperans
623 878 637 900 ,
657 843 781 905 quod
804 841 1088 890 Macrianum
1101 877 1114 899 ,
1133 840 1211 903 qui
1229 841 1445 903 imperare
1463 852 1623 888 contra

331 917 591 963 Gallienum
631 928 865 978 coeperat,
901 915 1048 978 poffet
1097 914 1390 978 opprimere:
1428 915 1500 961 sed
1541 914 1623 960 illo

330 988 420 1049 jam
455 987 662 1051 profeclo
693 1003 853 1036 contra
894 988 1143 1035 Aureolum
1178 989 1226 1036 &
1259 1002 1418 1035 contra
1451 987 1628 1034 Gallie-

330 1079 468 1120 num,
495 1077 551 1108 eo
572 1060 840 1118 interemto,
867 1060 1009 1107 filium
1033 1060 1251 1120 Quietum
1272 1059 1521 1117 interfecit,
1540 1061 1624 1106 Ba-

331 1131 427 1179 lista
459 1132 542 1196 (ut
571 1133 773 1196 plerique
801 1133 1030 1196 asserunt)
1058 1150 1243 1198 regnum
1272 1133 1541 1197 usurpante,
1570 1148 1626 1179 ne

331 1208 384 1254 &
413 1206 504 1268 ipse
535 1206 678 1266 poffet
714 1207 877 1253 occidi.
904 1207 1178 1267 Composito
1213 1206 1352 1270 igitur
1379 1222 1536 1269 magna
1568 1221 1625 1252 ex

330 1293 461 1341 ,parte
494 1279 695 1326 Orientis
731 1280 846 1326 statu
864 1314 877 1337 ‚
907 1297 932 1326 a
959 1280 1241 1327 consobrino
1275 1281 1359 1328 suo
1386 1280 1590 1326 Maeonio
1612 1313 1627 1336 ,

333 1350 415 1411 qui
443 1353 492 1399 δι
512 1351 603 1414 ipse
623 1350 860 1412 imperium
882 1351 1120 1410 sumserat,
1144 1352 1409 1399 interemtus
1437 1352 1497 1399 est
1520 1369 1626 1399 cum

334 1420 434 1469 filio
463 1422 544 1469 suo
570 1424 787 1481 Herode,
811 1423 890 1487 qui
908 1427 956 1472 ὅ(
971 1424 1090 1488 ipse,
1110 1425 1211 1487 post
1236 1425 1427 1471 reditum
1449 1425 1502 1471 de
1519 1426 1626 1471 Per·-

330 1495 460 1550 fide,
494 1512 597 1542 cum
634 1508 758 1555 patre
794 1501 1044 1559 Imperator
1073 1497 1135 1543 est
1168 1496 1430 1559 appellatus¹
1459 1500 1626 1542 Iratum

332 1568 462 1616 fuifl'e
487 1570 750 1632 reipublicae
780 1571 934 1618 Deum
964 1571 1102 1619 credo
1119 1607 1134 1629 ,
1155 1572 1259 1635 qui,
1280 1570 1516 1618 interfe&o
1540 1574 1628 1617 Va·

332 1642 512 1691 leriano
532 1680 545 1699 ,
565 1646 714 1691 noluit
739 1645 999 1692 Odenatum
1020 1645 1260 1692 reservare.
1278 1645 1357 1690 Ille
1377 1644 1505 1706 plane
1525 1660 1627 1691 cum

336 1733 481 1763 uxore
505 1717 709 1764 Zenobia
740 1735 833 1765 non
858 1719 1004 1765 solum
1033 1719 1269 1766 Orientem
1285 1754 1300 1775 ,
1316 1735 1450 1781 quem
1470 1717 1557 1778 jam
1579 1718 1627 1764 in

337 1791 569 1853 pristinum
590 1791 917 1839 reformaverat
941 1793 1129 1852 statum,
1158 1793 1230 1840 sed
1255 1808 1413 1838 omnes
1433 1791 1629 1838 omnino

336 1863 480 1923 tot-ius
505 1863 629 1910 orbis
657 1877 802 1926 partes
834 1865 1140 1920 reformasset,
1165 1865 1236 1912 vir
1268 1881 1365 1912 acer
1395 1865 1441 1909 in
1473 1864 1629 1918 bellis,

336 1935 413 1993 &,
437 1948 652 1999 quantum
673 1936 873 2000 plerique
900 1937 1138 1999 scriptores
1157 1937 1408 2000 loquuntur
1426 1973 1438 1993 ‚
1462 1948 1629 1983 venatu

336 2009 622 2055 memorabili
654 2008 822 2072 semper
842 2010 1049 2067 inclitus;
1073 2010 1150 2073 qui
1174 2027 1197 2058 a
1221 2011 1361 2073 prima
1387 2024 1517 2056 aetate
1551 2026 1631 2056 ca-

337 2071 516 2143 piendis
541 2081 748 2127 leonibus
771 2085 819 2130 δι
852 2083 1025 2145 pardis,
1053 2082 1193 2140 urfiS,
1223 2080 1629 2145 ceterisque'silve-

338 2151 499 2201 stribus
533 2153 826 2212 animalibus,
859 2156 1066 2203 sudorem
1094 2156 1235 2203 officii
1275 2155 1418 2201 virilis
1455 2154 1630 2216 impen-

338 2228 439 2285 dit,
473 2230 642 2293 quique
677 2230 847 2291 semper
874 2230 918 2276 in
962 2231 1083 2278 silvis
1124 2248 1175 2278 ac
1208 2229 1440 2276 montibus
1480 2227 1630 2285 vixit,

338 2302 568 2365 perferens
587 2303 785 2352 calorem
801 2339 815 2360 ,
837 2304 1011 2367 pluvias
1027 2341 1040 2363 ,
1063 2306 1112 2353 δι
1137 2303 1291 2350 omnia
1307 2302 1439 2359 mala,
1458 2317 1558 2365 quae
1581 2300 1630 2346 in

337 2375 382 2423 se
419 2375 658 2423 continent
694 2376 944 2425 venatoriae
977 2377 1270 2437 voluptates:
1300 2375 1460 2438 quibus
1492 2374 1630 2420 dura-

339 2460 411 2496 tus
426 2483 440 2507 ,
469 2449 607 2496 solem
628 2466 678 2498 ac
699 2450 934 2514 pulverem
955 2449 1001 2496 in
1026 2450 1155 2498 bellis
1175 2448 1357 2498 Perficis
1377 2448 1479 2497 tulit
1500 2465 1513 2495 ε
1532 2462 1628 2494 non
