1714 2807
415 500 1554 600 GoR43rANUS

600 682 1369 811 TERTIUs

743 956 1234 988 ffi-————„—..

343 1155 494 1203 XX11.
529 1115 697 1202 POST
730 1166 923 1201 mortem
958 1155 1149 1202 duorum
1183 1155 1527 1204 Gordianorum
1553 1157 1637 1205 8εέ

345 1241 477 1274 natus
498 1225 714 1288 trepiduS,
729 1226 778 1273 ὅ(
792 1225 1092 1272 Maximinum
1119 1228 1434 1275 vehementius
1455 1228 1636 1286 timens,

344 1319 401 1348 ex
440 1301 603 1364 viginti
638 1300 780 1357 viris,
821 1316 937 1362 quos
973 1301 1026 1346 ad
1063 1302 1383 1363 rempublicam
1424 1304 1636 1349 tuendam

344 1373 568 1436 delegerat
583 1406 596 1426 ‚
619 1371 892 1434 Pupienum,
913 1371 1006 1419 five
1037 1374 1288 1420 Maximum
1306 1410 1320 1432 ,
1339 1375 1389 1422 &
1418 1374 1638 1422 Clodium

345 1446 582 1493 Balbinum
611 1445 840 1509 Augustos
878 1445 1150 1508 appellavit,
1188 1447 1345 1493 ambos
1376 1446 1639 1493 exconsuli·
1675 1472 1677 1474 ·

345 1520 442 1567 bus.
460 1519 592 1566 Tunc
611 1517 808 1581 populus
831 1519 879 1565 &
899 1517 1061 1564 milites
1081 1518 1361 1564 Gordianum
1380 1518 1639 1581 parvulum,

345 1610 490 1643 annos
512 1606 715 1655 agentem
732 1626 744 1647 ‚
767 1603 816 1637 ut
847 1590 1051 1653 plerique
1077 1590 1296 1649 afferunt,
1328 1591 1566 1649 undecim,
1588 1605 1640 1638 ut

345 1666 586 1724 nonnulli,
618 1666 831 1711 tredecim
852 1701 866 1721 ,
897 1676 945 1709 ut
971 1664 1126 1712 Junius
1153 1665 1334 1712 Cordus
1361 1664 1492 1724 dicit,
1520 1664 1639 1712 sedes

345 1740 432 1788 cim
451 1775 464 1798 ,
494 1739 618 1804 (nam
645 1738 863 1785 vicesimo
892 1739 941 1785 &
971 1738 1168 1785 secundo
1195 1756 1319 1786 anno
1347 1756 1449 1786 eum
1480 1738 1640 1802 periss'e

343 1813 526 1875 asserit)
557 1812 847 1875 petiverunt,
873 1825 922 1858 ut
946 1811 1093 1858 Caesar
1121 1811 1444 1874 appellaretur:
1466 1811 1640 1873 raptus·

344 1904 434 1951 que
464 1889 518 1934 ad
549 1888 794 1945 Senatum,
822 1899 954 1948 atque
984 1886 1088 1931 inde
1117 1886 1162 1931 in
1192 1886 1421 1932 concione
1445 1885 1640 1948 positus,

343 1961 617 2009 indumento
645 1961 945 2023 Imperatorio
979 1960 1144 2016 teclus,
1169 1960 1316 2006 Caesar
1347 1959 1407 2006 est
1441 1959 1641 2022 appella-

341 2048 428 2084 tus.
454 2037 540 2084 Hic
567 2051 697 2083 natus
732 2036 817 2094 est,
837 2048 887 2082 ut
919 2035 1066 2097 plures
1089 2034 1307 2093 afferunt,
1328 2030 1389 2081 ex'
1406 2033 1496 2080 filia
1516 2036 1641 2081 Got-

345 2109 495 2167 diani,
533 2122 582 2156 ut
613 2125 729 2156 unus
763 2119 839 2155 aut
872 2109 993 2164 cluo,
1033 2107 1167 2171 (nam
1203 2108 1395 2168 amplius
1431 2105 1640 2153 invenire

344 2198 442 2229 non
471 2180 635 2245 potui)
665 2198 721 2228 ex
746 2179 842 2226 filio
861 2216 875 2237 ,
898 2179 975 2243 qui
1003 2180 1048 2226 in
1082 2178 1232 2226 Africa
1263 2179 1408 2241 periit.
1438 2176 1641 2224 Gordia-

342 2272 426 2302 nus
452 2254 585 2318 igitur
606 2253 756 2300 Caesar
780 2253 918 2299 sacius
937 2252 1080 2314 ‚apud
1108 2266 1292 2298 matrem
1320 2251 1530 2297 educatus
1551 2250 1641 2298 est:

342 2328 393 2375 &
427 2344 527 2375 cum
545 2363 558 2384 ‚
589 2325 813 2372 exstinffis
852 2324 1113 2371 Maximinis
1132 2359 1145 2381 ‚
1187 2323 1411 2369 Maximus
1437 2322 1564 2368 etiam
1588 2324 1641 2370 δε

344 2399 556 2445 Balbinus
582 2397 759 2444 militari
786 2396 1004 2442 seditione
1033 2396 1257 2442 interemti
1285 2395 1418 2441 effent
1436 2430 1447 2449 ‚
1467 2395 1543 2456 qui
1571 2394 1639 2441 bi-

342 2470 484 2522 ennio
517 2469 888 2534 imperaverant,
928 2468 1191 2516 Gordianus
1230 2467 1486 2515 adolescens
1507 2501 1533 2526 ,.
1560 2465 1638 2530 qui
