1637 2785
271 150 690 200 TRIGINTA
734 150 1128 199 TYRANN1.
1263 162 1345 214 ης

66 270 117 308 to
137 260 255 322 apud
280 276 381 307 eum
406 270 593 322 pontem
615 257 870 316 interemit,
893 256 972 321 qui
992 273 1112 305 nunc
1125 275 1238 319 pons
1263 263 1354 305 Au-

68 337 166 382 reoli
193 346 505 395 nuncupatur,
529 344 664 394 atque
692 332 785 378 illic
802 361 816 386 ‚
840 346 888 378 ut
912 345 1193 394 tyrannum,
1210 331 1355 394 sepul-

66 425 148 455 cro
184 406 425 453 humiliore
467 405 676 452 donavit.
722 405 871 451 Exstat
909 404 1043 451 etiam
1081 404 1357 470 epigramma

68 482 280 526 Graecum
300 478 345 524 in
367 478 482 525 hanc
506 476 723 541 formam:

131 553 484 611 Donatsbpulcro
502 551 628 595 vic‘lor
642 543 733 614 post
748 553 879 596 multa
897 552 1073 612 tyranni

200 628 360 673 Proelia
376 661 389 680 ‚
413 626 634 683 jamfelix
659 628 862 672 Claudius
882 630 1137 671 Aureolum:

135 702 311 746 Munere
325 700 584 760 prosequitur
599 703 794 758 mortali,
814 699 856 746 ὃ·
866 700 963 757 jure
976 735 989 757 ,
998 699 1199 765 sicperstes

207 778 351 821 Vivere
371 794 486 836 quem
506 779 621 821 vellet
641 810 653 832 ‚
668 775 718 838 st
728 791 936 835 pateretur
949 793 1068 821 amor

137 849 298 907 Militis
315 849 483 909 egregii,
504 843 633 893 vitam
663 850 733 908 qui
742 848 834 904 jure
851 851 1019 911 negavit

209 922 422 966 Omnibus
443 923 657 981 indignis,
677 918 719 965 G*
738 919 874 983 mergis
892 925 1102 968 Aureolo:

138 997 218 1042 Ille
236 1011 374 1041 tamen
395 999 568 1041 clemens
582 1029 595 1050 ‚
616 998 686 1056 qui
704 999 884 1055 corporis
904 997 1054 1042 ultima
1059 997 1242 1056 servans
1255 1027 1271 1054 ‚

206 1062 267 1112 Et
281 1082 454 1127 pontem
476 1071 652 1114 Aureoli
671 1071 838 1115 dedicat
853 1067 896 1116 δ’
915 1073 1136 1116 tumulum.

74 1137 174 1185 Hos
194 1154 280 1202 ego
304 1137 455 1185 versus
470 1173 483 1192 ‚
506 1155 529 1184 a
553 1138 751 1200 quodam
773 1139 1068 1200 grammatico
1095 1138 1365 1198 translatos,

75 1211 139 1258 ita
162 1210 319 1272 posui,
339 1222 389 1256 ut
414 1207 547 1255 fidem
577 1209 829 1255 servarem:
853 1225 948 1255 non
970 1225 1064 1272 quo
1088 1210 1247 1256 melius
1271 1227 1366 1258 non

75 1285 309 1349 potuerint
338 1283 597 1341 transferri,
626 1283 701 1330 sed⁴
733 1296 785 1330 ut
811 1281 999 1331 fidelitas
1032 1284 1243 1333 historica
1276 1286 1368 1332 ser-

49 1349 51 1355 ’
76 1372 290 1416 varetur,
314 1375 449 1421 quam
481 1372 567 1419 ego
600 1373 691 1418 prae
721 1356 880 1404 ceteris
909 1356 1247 1404 custodiendam
1281 1377 1368 1420 pu-

76 1432 197 1490 tavi,
222 1431 300 1494 qui
324 1430 397 1488 id,
426 1429 555 1492 quod
583 1430 639 1474 ad
667 1428 974 1490 eloquentiam
1007 1431 1230 1491 pertinet,
1256 1431 1368 1478 nihil

78 1522 205 1554 curo.
233 1506 346 1550 Rem
368 1504 488 1550 enirn
518 1502 654 1549 vobis
677 1496 895 1563 proposui
916 1502 1086 1550 deferre
1103 1539 1117 1561 ‚
1141 1520 1237 1549 non
1265 1521 1369 1550 ver-

78 1582 158 1627 ba:
187 1578 381 1626 maxime
409 1591 532 1624 tanta
555 1593 703 1623 rerum
730 1579 890 1637 copia,
920 1589 967 1621 ut
996 1576 1180 1640 triginta
1209 1589 1369 1642 tyran-

79 1669 246 1701 norum
270 1650 398 1698 simul
419 1649 532 1699 vitas
552 1647 806 1697 scribendas
826 1647 1095 1696 accefferim.

190 1806 322 1864 XI.
389 1804 527 1860 DE
594 1801 1259 1881 MACRIAjNVO.

82 2018 184 2068 XII.
202 1977 423 2066 CAPTO
459 2012 736 2071 Valeriano,
769 2009 847 2060 diu
890 2006 1127 2061 clarissimo
1163 2009 1371 2080 Principe

84 2090 284 2141 civitatis
299 2126 313 2147 ,
334 2088 576 2136 fortiffimo
596 2087 756 2134 deinde
778 2090 1055 2147 imperatore
1070 2121 1084 2141 ‚
1114 2087 1167 2132 ad
1198 2085 1374 2148 postre-

85 2181 209 2211 mum
239 2161 445 2209 omnium
467 2154 798 2218 infeliciffimo‚
832 2162 905 2208 vel
931 2160 1057 2222 quod
1091 2159 1226 2204 senex
1253 2157 1374 2220 apud

88 2235 234 2283 Persas
248 2232 504 2291 consenuit,
516 2233 591 2279 vel
603 2233 728 2295 quod
744 2231 955 2296 indignos
972 2232 1012 2280 se
1031 2231 1234 2293 posteros
1248 2231 1374 2279 dere-

86 2309 241 2372 liqui13
266 2324 367 2354 cum
389 2307 645 2354 Gallienum
672 2306 1057 2352 contemnendum
1082 2304 1237 2351 Bausta
1257 2305 1375 2350 Prae-

87 2383 227 2431 feeius
254 2379 510 2437 Vaieriani,
545 2381 595 2427 &
622 2379 880 2427 Macrianus
913 2377 1085 2442 primus
1106 2379 1270 2427 ducum
1302 2376 1376 2424 in«

187 2457 362 2517 Scriptt.
392 2455 456 2504 H.
487 2457 547 2505 A.
584 2457 679 2502 Vol.
709 2455 772 2500 Il.
1082 2451 1128 2497 H
