1714 2807
338 166 400 215 74
594 151 806 199 JUL11
854 153 1354 205 CAP1TOL1N1

335 256 623 304 tribuniciam
651 259 912 320 potestatem
941 260 1116 319 junxit:
1138 264 1418 328 congiarium
1443 266 1614 330 populo

336 330 478 388 dedit,
499 331 548 378 &
569 330 811 394 speEIacula
830 332 1041 382 mirifica:
1064 335 1166 383 dein
1188 338 1337 385 civilia
1355 338 1490 385 multa
1510 355 1615 387 cor-

336 403 465 450 rexit.
482 403 751 452 Gladiatorii
769 407 965 454 muneris
977 407 1147 455 »sumtus
1165 411 1348 457 modum
1371 410 1489 459 fecit.
1503 412 1615 458 Sen-

336 474 476 521 tentia
501 475 700 524 Platonis
727 475 897 539 semper
922 477 967 524 in
996 495 1075 525 ore
1100 478 1219 526 illius
1239 480 1323 527 fuit
1344 499 1355 528 :
1382 485 1537 528 Florere
1552 486 1615 528 ci-

335 549 505 606 vitares,
515 549 566 613 st
577 566 651 595 αιιι
679 551 928 612 Philosophi
957 553 1227 612 imperarent,
1255 571 1329 599 auc
1350 558 1617 615 Imperatores

328 624 730 685 plzilosbpharentur.
770 624 882 671 Filio
920 625 999 672 suo
1034 628 1173 674 Brutii
1212 629 1441 676 Praesentis
1479 628 1614 676 filiam

335 693 516 755 junxit,
557 697 723 760 nuptiis
766 698 996 745 celebratis
1047 701 1258 762 exemplo
1294 700 1574 763 privatorum
1605 721 1616 749 ε

335 782 472 828 quare
501 766 633 814 etiam
664 768 942 831 congiarium
974 771 1147 833 populo
1182 772 1314 819 dedit.
1343 772 1522 819 Deinde
1563 773 1618 820 ad

337 838 857 888 conficiendumbellum
879 844 1152 902 conversus,
1173 843 1216 889 in
1238 845 1618 892 administratione

337 912 430 970 ejus
461 913 566 960 belli
594 914 711 961 obiit
728 951 740 973 ‚
763 916 1012 963 labentibus
1035 916 1121 978 jam
1150 915 1228 963 filii
1255 919 1454 965 moribus
1473 920 1529 965 ab
1548 920 1619 966 in-

337 983 491 1033 stituto
522 986 616 1036 suo.
643 988 869 1036 Triennio
903 989 1064 1037 bellum
1107 989 1257 1052 postea
1295 1008 1396 1039 cum
1434 993 1617 1039 Marco·

337 1058 543 1124 mannis,
573 1062 927 1120 Hermunduris,
961 1063 1168 1108 Sarmatis
1190 1100 1205 1120 ‚
1247 1063 1450 1124 Quadis,
1487 1064 1619 1123 etiam

336 1130 439 1193 egit.
459 1134 532 1191 δε,
555 1133 584 1179 fi
605 1150 728 1181 anno
757 1151 851 1181 uno
883 1135 1180 1198 superfuisset,
1205 1135 1466 1197 provincias
1486 1153 1536 1182 ex
1554 1134 1621 1183 his

338 1203 518 1253 fecisset.
553 1207 668 1253 Ante
703 1207 887 1254 biduum
911 1243 926 1265 ,
958 1225 1090 1270 quam
1121 1209 1361 1270 exspiraret
1383 1245 1396 1265 ,
1428 1209 1618 1257 admissis

338 1278 505 1337 amicis,
520 1278 925 1327 diciturostendiffe
949 1280 1207 1327 sententiam
1228 1280 1281 1326 de
1305 1278 1401 1325 filio
1415 1282 1618 1338 eandem,
1690 1302 1693 1304 ¹

338 1369 470 1412 quam
497 1353 724 1416 Philippus
761 1355 815 1401 de
852 1354 1141 1409 Alexandr03
1174 1370 1274 1400 cum
1309 1353 1363 1399 de
1388 1354 1477 1401 hoc
1505 1354 1619 1401 male

339 1424 548 1482 sentiret,
580 1426 744 1473 addens
764 1462 777 1484 ,
807 1429 977 1473 minime
991 1429 1043 1488 fi
1073 1444 1171 1488 aegre
1204 1442 1369 1471 mortem
1387 1426 1526 1485 ferre,
1552 1429 1618 1486 fi-

338 1502 441 1545 lium
460 1500 711 1565 superstitem
742 1504 952 1562 reliquens.
975 1517 1075 1547 nam
1102 1499 1189 1560 jam
1219 1500 1504 1547 Commodus
1526 1512 1618 1547 tur-

340 1586 440 1633 pem
467 1571 507 1617 se
536 1572 586 1619 &
615 1584 850 1619 cruentum
882 1572 1145 1619 ostentabat.

405 1645 618 1693 XXVIII.
653 1647 780 1692 Mors
805 1659 952 1692 autem
991 1645 1089 1692 talis
1115 1645 1210 1692 fuit.
1243 1645 1360 1691 Cum
1401 1658 1619 1708 aegrotare

341 1717 568 1780 coepiffet,
594 1717 736 1764 filium
771 1717 1047 1776 advocavit,
1075 1730 1208 1780 atque
1237 1718 1294 1763 ab
1325 1734 1381 1764 eo
1423 1718 1619 1780 primum

343 1790 497 1851 petiit,
526 1805 572 1837 ut
597 1794 689 1837 belli
714 1795 907 1852 reliquias
926 1810 1009 1836 non
1037 1807 1332 1846 contemneret,
1359 1807 1414 1836 ne
1441 1791 1621 1854 videre-

343 1876 415 1910 tur
444 1864 762 1926 rempublicam
784 1864 987 1927 prodere.
1006 1865 1056 1911 δε
1071 1900 1084 1921 ,
1106 1859 1205 1911 ἕιιιτι
1236 1863 1352 1909 filius
1373 1864 1413 1909 ei
1436 1863 1620 1925 respon-

345 1935 493 1994 differ,
520 1956 654 1998 cupere
669 1940 720 1998 se
737 1939 919 1998 primum
939 1939 1168 1998 sanitatem
1186 1957 1206 1993 ,·
1232 1949 1281 1982 ut
1311 1935 1481 1993 vellet,
1516 1953 1620 1997 per-

344 2008 489 2055 misit:
522 2021 675 2071 petens
704 2023 874 2069 tamen,
904 2022 953 2056 ut
986 2010 1254 2071 exspefiiaret
1284 2024 1454 2071 paucos
1492 2009 1585 2055 dies
1605 2043 1620 2068 ,

343 2093 418 2127 aut
445 2080 570 2127 simul
596 2080 970 2143 proficisceretur.
997 2081 1157 2127 deinde
1177 2079 1387 2127 abstinuit
1412 2079 1517 2127 cibo
1539 2096 1620 2141 po·

344 2166 514 2217 tuque,
540 2154 655 2200 mori
683 2154 889 2216 cupiens,
915 2154 1129 2217 auxitque
1147 2153 1373 2200 morbum.
1396 2153 1526 2198 Sexta
1550 2152 1620 2198 die

343 2227 522 2273 vocatis
548 2226 701 2273 amicis
716 2262 729 2283 ,
749 2227 799 2273 &
822 2227 968 2273 ridens
987 2241 1053 2272 res
1069 2227 1306 2282 humanas,
1325 2236 1517 2271 mortem
1539 2241 1621 2270 au-

344 2314 433 2344 tem
464 2312 780 2356 contemnens,
806 2300 857 2345 ad
881 2299 1047 2346 amicos
1078 2299 1214 2344 dixit:
1243 2300 1369 2360 Quid
1398 2317 1459 2343 me
1473 2299 1620 2363 fletis,

347 2369 391 2416 δ’
418 2391 502 2417 non
527 2377 662 2436 magis
684 2376 732 2419 de
752 2374 978 2439 pestilentia
994 2371 1053 2424 ,δ’
1082 2375 1289 2418 communi
1307 2388 1432 2418 morte
1461 2372 1621 2433 cogita-

346 2446 401 2488 tis
420 2446 444 2490 ἓ
464 2446 513 2493 &
541 2462 643 2493 cum
670 2445 735 2493 illi
770 2445 939 2495 vellent
966 2446 1196 2506 recedere,
1216 2443 1507 2510 ingemiscens
1529 2441 1620 2490 ait:
