1714 2807
338 177 402 224 94
514 155 928 204 'v‘ULCATll
984 156 1442 202 GALL1CAN1

338 264 463 313 miss'a
492 263 788 318 Alexandria,
818 263 986 325 quique
1027 264 1304 310 consenserat
1335 262 1409 324 spe
1439 261 1620 324 partici-

340 353 468 403 patus
485 339 632 386 Caffio
647 375 659 395 ,
677 339 828 385 invito
853 351 987 400 atque
1008 336 1247 399 ignorante
1272 337 1533 393 Antonino,
1555 335 1623 380 in-

340 412 530 459 teremit.
551 414 646 459 Nec
673 424 821 458 tamen
859 411 1119 458 Antoninus
1152 411 1347 473 gravit-er
1376 407 1437 455 est
1463 409 1623 465 iratus,

341 486 591 532 rebellione
619 485 832 549 cognita,
855 501 938 530 nec
965 485 1012 529 in
1038 483 1130 542 ejus
1156 485 1322 531 liberos
1347 497 1418 531 aut
1447 483 1625 529 affectus

342 558 499 606 saeviit.
531 561 720 606 Senatus
751 558 881 604 illum
916 558 1085 603 hostem
1115 558 1389 619 appellavit,
1417 559 1627 618 bonaque

343 630 436 693 ejus
457 632 734 695 proscripsit:
767 649 868 695 quae
901 631 1163 677 Antoninus
1187 634 1230 677 iu
1262 632 1485 692 privatum
1517 647 1627 677 aera-

343 705 461 750 rium
498 703 684 766 congeri
714 703 893 759 noluit;
925 719 1091 766 quare,
1125 704 1285 749 Senatu
1312 702 1630 764 praecipiente,

343 775 393 823 in
419 777 618 822 aerarium
652 776 879 839 publicum
910 776 1009 821 sunt
1041 776 1188 821 relata.
1222 778 1318 822 Nec
1353 776 1511 822 Romae
1543 787 1632 820 ter-

342 865 424 897 τοι·
457 848 625 906 defuit,
659 865 762 896 cum
797 849 978 911 quidam
1018 849 1237 894 Avidium
1279 847 1472 894 Caffium
1509 847 1632 893 dice-

347 935 478 978 rent,
497 921 673 968 absente
695 920 960 978 Antonino,
982 921 1061 983 qui
1085 920 1164 966 nisi
1193 937 1218 966 a
1238 919 1507 983 voluptariis
1529 919 1634 965 uni-

349 1012 402 1042 ce
442 996 698 1052 amabatur,
727 996 921 1040 Romam
954 994 1039 1040 effe
1077 1008 1316 1040 venturum
1336 1029 1350 1052 ‚
1378 1006 1509 1056 atque
1541 995 1636 1039 Ur·

349 1071 451 1115 bem
472 1069 710 1133 tyrannice
725 1069 1001 1130 direpturum
1021 1105 1033 1125 ‚
1051 1062 1247 1115 maxime
1264 1069 1514 1115 senatorum
1535 1083 1636 1132 cau-

351 1146 424 1201 sa,
452 1146 531 1207 qui
565 1162 665 1191 eum
703 1145 874 1192 hostem
912 1144 1245 1205 judicaverant,
1280 1143 1412 1190 bonis
1443 1142 1638 1204 proscri-

352 1218 454 1280 ptis.
481 1219 535 1263 Et
559 1234 687 1264 amor
711 1218 935 1264 Antonini
965 1218 1054 1264 hoc
1089 1217 1281 1263 maxime
1304 1215 1491 1270 enituit,
1510 1212 1639 1276 quod

355 1289 574 1337 consensu
608 1290 813 1336 omnium
835 1325 847 1345 ,
871 1303 1031 1353 praeter
1061 1289 1410 1345 Antiochenses,
1449 1287 1640 1334 Avidius
1686 1311 1688 1313 ·

356 1362 622 1409 interemtus
648 1362 732 1409 est:
772 1378 903 1425 quem
930 1362 1109 1425 quidem
1132 1362 1280 1408 occidi
1299 1379 1391 1407 non
1410 1360 1550 1422 justit,
1572 1358 1646 1404 sed

358 1434 499 1497 passus
523 1432 611 1487 est;
637 1449 738 1479 cum
758 1433 875 1494 apud
900 1434 1085 1479 cunflos
1109 1434 1275 1479 clarum
1300 1432 1402 1479 effet
1418 1467 1433 1490 ,
1455 1431 1486 1477 fi
1514 1442 1643 1494 pote·

358 1508 479 1555 statis
499 1508 585 1553 suae
606 1506 773 1565 fuisset,
797 1506 1024 1569 parsurum
1050 1507 1114 1553 illi
1137 1506 1273 1554 fuiffe.

440 1583 557 1627 Vm.
590 1582 741 1642 Caput
787 1579 880 1642 ejus
913 1581 967 1626 ad
999 1580 1284 1626 Antoninum
1321 1596 1421 1626 cum
1455 1578 1647 1624 delatum

361 1654 492 1710 esset,
515 1652 588 1698 ille
615 1669 708 1699 non
733 1651 1108 1709 exsultavit,non
1140 1651 1278 1699 elatus
1306 1651 1391 1705 est,
1409 1651 1484 1697 sed
1514 1651 1645 1696 etiam

363 1726 533 1780 doluit,
557 1738 750 1786 ereptant
782 1725 861 1770 fibi
887 1724 972 1771 effe
995 1724 1278 1772 occasionem
1308 1721 1647 1777 misericortliae3

362 1815 464 1845 cum
494 1799 661 1845 diceret
681 1833 694 1855 ‚
708 1800 759 1859 siz
785 1801 928 1845 vivum
962 1802 1079 1844 illum
1108 1797 1277 1861 voluiffe}
1309 1817 1470 1859 capere,
1501 1813 1547 1843 ut
1586 1799 1649 1842 illi

364 1874 623 1932 exprobraret
656 1873 846 1929 benficia
869 1873 983 1932 fita,
1016 1890 1180 1931 eumque
1201 1873 1399 1932 servaret.
1435 1869 1652 1931 Denique

367 1960 470 1993 cum
509 1944 688 2005 quidam
727 1945 926 2001 diceret,
965 1947 1329 2005 reprehendendum
1359 1947 1654 1997 Antoninum,

369 2021 482 2079 quod
506 2033 591 2062 tam
622 2019 741 2063 mitis
773 2016 867 2080 effet
893 2020 937 2062 in
969 2018 1114 2082 hostem
1134 2019 1262 2078 ficum
1282 2053 1293 2073 ‚
1327 2018 1486 2078 ejzgslyue
1510 2018 1654 2062 liberos

367 2090 412 2139 δ’
443 2090 632 2154 qffi’c'lus,
660 2108 777 2151 atque
802 2108 938 2136 omnes
956 2126 966 2145 ,
989 2109 1089 2151 quos
1114 2092 1297 2147 conscios
1334 2092 1575 2151 tyrannidis
1595 2109 1655 2136 re-

363 2164 549 2228 perzſjiec,
580 2165 767 2210 addente
801 2165 881 2211 illo
902 2200 915 2221 ,
947 2164 1020 2225 qui
1057 2165 1428 2223 reprehendebat,
1469 2163 1660 2228 Quidsi

373 2242 443 2284 ille
462 2234 651 2299 viciffict?
680 2235 835 2281 dixiffe
856 2236 1043 2282 dicitur:
1070 2239 1247 2301 Nonstc
1276 2241 1396 2284 Deos
1428 2240 1658 2294 coluimus,

375 2309 526 2372 nec-fic
557 2312 739 2355 vivimus
755 2342 769 2363 ,
791 2325 837 2353 ut
868 2312 935 2354 ille
955 2327 1032 2353 nos
1061 2314 1245 2355 vincerer.
1266 2308 1551 2355 Enumeravit
1576 2309 1655 2355 de-

372 2382 500 2439 inde,
519 2400 660 2427 ornnes
683 2384 898 2442 Principes
916 2418 926 2438 ,
946 2386 1016 2442 qui
1043 2382 1323 2448 occf'sz'tffbnt,
1354 2380 1529 2446 habmffi
1553 2399 1656 2426 cau-

363 2458 465 2516 sas,
498 2459 646 2518 quibus
677 2473 918 2503 mererentur
953 2459 1112 2512 occid&
1150 2477 1219 2502 nec
1255 2475 1494 2518 quemquam
1525 2456 1659 2514 facile
