1637 2785
311 133 632 180 SEVERUS
678 132 1124 179 IMPERATOR·
1281 139 1368 194 153⁴

87 241 138 289 &
160 238 249 303 ipse
271 240 521 287 succederet
538 238 581 285 in
607 238 817 300 imperi0.
844 239 997 300 Aliqui
1018 250 1174 300 putant
1198 236 1373 285 idcirco

84 310 213 357 illum
234 310 513 358 Antoninum
540 310 809 370 appellatum
827 344 839 365 ‚
864 310 988 371 quod
1005 311 1196 356 Severus
1217 308 1372 370 ipsein

86 383 227 430 Marci
258 382 466 429 familiam
493 381 674 428 transire
700 381 914 428 voluerit.
946 381 999 425 Et
1020 382 1168 442 primo
1193 382 1376 444 quidem

85 456 143 502 ab
163 454 414 501 Albinianis
427 454 580 502 Severi
600 453 734 500 duces
750 453 855 499 vieti
870 453 985 501 sunt.
1001 453 1133 500 Tunc
1158 453 1379 500 sollicitus

85 546 188 576 cum
219 527 471 575 consuleret
492 544 516 574 a
544 526 843 573 Pannoniacis
865 526 1128 589 auguribus,
1152 525 1374 586 comperit

86 602 129 648 se
161 600 374 648 viEtorem
405 600 634 658 futurum,
658 599 962 646 adversarium
985 616 1100 646 vero
1120 615 1203 646 nec
1223 599 1268 644 in
1291 615 1375 660 po·

85 673 280 720 testatem
301 685 545 720 venturum
560 709 573 731 ,
592 689 674 720 nec
691 671 928 719 evasurum
944 707 956 729 ‚
975 671 1046 718 sed
1064 666 1192 732 ‘juxta
1214 687 1376 733 aquam

85 746 171 794 effe
199 747 462 811 periturum.
491 746 625 792 Multi
660 745 800 793 statim
839 745 972 793 amici
1002 746 1217 792 Albinum
1250 743 1374 790 dese-

85 833 233 866 rentes
261 835 426 866 venere
442 854 455 875 ,
479 817 607 865 multi
632 817 767 864 duces
799 817 918 881 capti
947 817 1073 874 sunt3
1096 817 1142 864 in
1165 832 1280 881 quos
1299 817 1375 863 Se-

87 908 224 940 verus
257 891 585 940 animadvertit.
1009 939 1012 943 ,

150 966 230 1011 Xl.
262 965 417 1010 Multis
449 963 624 1011 interim
652 964 778 1011 varie
807 963 936 1027 gestis
956 963 1003 1010 in
1034 962 1202 1019 Gallia,
1225 961 1380 1024 primo

85 1036 203 1098 apud
223 1035 505 1082 Trinurtium
525 1049 684 1083 contra
707 1036 922 1083 Albinum
941 1035 1185 1082 felicissime
1208 1052 1376 1096 pugna-

86 1107 156 1154 vit
174 1108 381 1154 Severus.
403 1123 504 1155 cum
528 1106 708 1170 quidem
728 1107 884 1170 ingens
911 1107 1156 1168 periculum
1179 1106 1281 1168 equi
1303 1123 1376 1152 ca-

84 1178 136 1226 su
166 1180 298 1236 adiit,
321 1180 380 1226 ita
414 1192 462 1226 ut
491 1193 696 1225 mortuus
727 1179 813 1226 ietu
842 1179 1062 1242 plutubeae
1093 1180 1383 1236 crederetur,

86 1249 148 1297 ita
173 1263 220 1297 ut
242 1251 352 1298 alius
375 1251 459 1312 jam
482 1267 611 1313 paene
637 1254 885 1312 Imperator
915 1252 969 1297 ab
989 1250 1188 1297 exercitu
1211 1251 1376 1313 delige-

84 1338 223 1372 retur.
245 1327 313 1372 Eo
340 1339 544 1387 tempore
572 1326 693 1373 lectis
716 1326 849 1383 assis,
876 1343 976 1390 quae
1002 1327 1055 1372 de
1079 1326 1246 1371 Clodio
1267 1324 1377 1372 Cel-

85 1397 185 1445 sino
211 1399 462 1454 laudando,
484 1400 561 1463 qui
600 1400 951 1454 Adrumetinus,
975 1400 1022 1447 &
1052 1400 1193 1446 affinis
1222 1397 1376 1445 Albini

85 1482 205 1527 erat,
227 1468 338 1517 faiia
365 1470 495 1527 sunt,
521 1471 655 1517 iratus
681 1471 860 1517 Senatui
886 1473 1075 1518 Severus
1094 1506 1107 1528 ‚
1136 1470 1252 1533 quati
1284 1470 1377 1516 hoc

87 1543 263 1592 Albino
290 1547 476 1592 Senatus
507 1545 795 1607 praestitisset,
816 1544 1123 1591 Commodum.
1147 1543 1262 1589 inter
1285 1543 1376 1589 Di-

89 1632 177 1663 vos
204 1616 486 1664 referendum
519 1618 601 1664 effe
636 1617 837 1674 censuit,
869 1619 989 1680 quali
1018 1619 1109 1664 hoc
1138 1634 1295 1679 genere
1333 1616 1377 1664 se

87 1687 143 1734 de
176 1689 339 1736 Senatu
380 1689 520 1752 poffet
559 1690 740 1737 ulcisci:
773 1689 1025 1752 primusque
1063 1690 1180 1736 inter
1213 1688 1379 1736 milites

88 1761 259 1806 Divum
289 1761 596 1808 Commodum
628 1761 964 1823 pronuntiavit,
995 1761 1128 1823 idque
1158 1760 1211 1806 ad
1236 1761 1375 1806 Sena-

87 1844 182 1879 tum
213 1832 411 1895 scripfit,
444 1833 590 1880 addita
621 1833 828 1880 oratione
861 1833 1078 1880 vietoriae.
1107 1835 1376 1880 Senatorum

88 1902 278 1962 deinde,
300 1904 376 1968 qui
399 1905 444 1951 in
468 1906 589 1953 bello
606 1918 728 1952 erant
749 1906 975 1952 interemti
993 1941 1008 1964 ‚
1026 1907 1237 1953 cadavera
1258 1905 1377 1952 d3ffi÷

88 1976 184 2039 pari
209 1977 342 2038 juffit.
371 1977 553 2026 Deinde
585 1979 737 2026 Albini
764 1995 960 2041 corpore
980 1979 1143 2036 allato,
1165 1996 1288 2042 paene
1310 1979 1375 2025 se-

86 2050 276 2099 minecis
305 2066 437 2115 caput
467 2052 664 2102 abscindi
690 2053 805 2115 juffit
823 2090 834 2111 ‚
859 2055 1142 2118 Romamque
1174 2052 1334 2101 deferri
1356 2071 1375 2110 ς

87 2124 226 2187 idque
256 2125 392 2173 literis
421 2127 682 2189 prosecutus
712 2128 784 2175 est.
807 2128 963 2176 Viritus
996 2126 1057 2176 est
1083 2128 1273 2176 Albinus
1303 2128 1378 2175 die

91 2196 329 2244 undecima
353 2198 577 2246 Kalendas
606 2199 771 2246 Martii.
803 2200 1042 2264 Reliquum
1072 2214 1220 2248 autem
1241 2201 1377 2247 cada-

90 2283 175 2315 ver
204 2266 300 2328 ejus
329 2283 431 2316 ante
465 2270 651 2317 domum
682 2272 911 2334 propriam
951 2271 1120 2334 exponi
1149 2288 1199 2319 ac
1229 2269 1376 2319 dividi

88 2337 219 2401 juffit.
247 2341 421 2403 Equum
457 2357 696 2404 praeterea,
718 2342 810 2405 ipse
840 2344 1030 2390 residens
1048 2380 1062 2402 ‚
1092 2343 1218 2405 supra
1245 2344 1376 2390 cada-

92 2428 175 2464 ver
201 2413 358 2468 Albini
387 2415 507 2485 egit5
538 2417 1004 2483 expavescentemque
1039 2417 1302 2477 admonuit,
1324 2428 1376 2467 ut

960 2491 1008 2538 K
1041 2509 1073 2551 4
