1637 2785
315 125 672 173 'AVIDIUS
723 125 1075 174 CASSIUS.
1274 145 1337 190 99

51 234 147 301 stri.
165 232 330 278 Bonum
350 233 560 291 imperium
578 236 697 276 nulla
715 233 777 276 vis
802 234 920 277 laedic.
951 235 1175 287 Commodo
1198 238 1341 282 Anto-
1384 261 1386 263 >

66 311 168 352 nino
178 307 443 351 tribuniciam
452 306 686 370 potestatem
700 323 914 366 rogamus,
938 307 1198 365 praesentiam
1224 325 1342 354 tuam.

66 395 266 440 rogamus.
287 378 562 436 Philosophiae
577 394 653 422 euae
665 411 677 431 ,
696 377 907 436 pacientiae
925 395 1001 421 iuae
1015 411 1027 434 ,
1045 380 1234 425 doc‘lrinae
1246 396 1344 438 tuce,

67 452 276 496 nobilitati
291 466 368 495 tuce
382 484 395 505 ,
413 450 662 495 innocentiae
680 466 770 497 tuae.
803 451 947 495 Vincis
978 451 1170 496 inimicos
1183 486 1197 509 ,
1218 455 1346 519 hostes

67 522 310 583 exsuperas,
333 523 421 567 Dii
434 539 470 567 te
489 538 668 578 tuentur,
694 524 742 568 &
762 521 945 584 reliqua.
964 521 1188 570 Vixerunt
1212 524 1347 589 igitur

68 593 232 656 posteri
263 593 419 639 Avidii
437 593 570 640 Caffii
591 593 752 651 securi,
779 594 827 640 δε
858 594 913 640 ad
942 594 1142 641 honores
1175 596 1346 645 admisfi

68 669 184 717 sunt.
205 667 286 714 Sed
306 684 384 714 eos
404 668 687 716 Commodus
705 667 961 716 Antoninus
975 704 987 726 ,
1005 669 1104 731 post
1125 670 1349 718 excessum

69 740 187 789 Divi
208 741 340 802 patris
359 740 443 798 sui,
462 758 619 788 omnes
640 741 776 788 vivos
799 741 975 788 incendi
993 740 1136 802 justit,
1157 742 1279 806 quafi
1299 743 1349 792 in

64 811 263 859 {afflone
281 813 594 875 deprehensos.
616 814 723 860 Haec
747 813 859 872 sunt,
874 831 974 878 quae
994 815 1046 861 de
1066 815 1212 861 Caffio
1235 814 1351 862 Avi-

70 884 149 931 dio
179 885 509 946 comperimus:
538 885 663 947 cujus
688 884 818 948 ipfius
846 901 993 932 mores
1022 884 1103 949 (ut
1129 886 1256 950 supra
1283 887 1353 934 di-

70 956 251 1021 ximus)
274 958 384 1003 varii
408 958 578 1020 semper
601 957 805 1012 fuerunt;
831 956 902 1004 sed
921 958 975 1004 ad
1000 959 1229 1006 censuram
1250 975 1355 1007 cru·
1374 1007 1377 1010 ,

72 1029 386 1092 deliratemque
405 1032 730 1094 propensiores.
750 1031 825 1094 qui
840 1066 853 1088 ‚
877 1030 906 1076 fi
928 1031 1186 1080 obtinuisset
1213 1032 1355 1096 impe-

72 1104 215 1162 rium,
244 1104 387 1151 fuiss'et
418 1122 511 1151 non
541 1106 681 1152 modo
709 1105 929 1164 clemens,
965 1104 1038 1152 sed
1067 1104 1214 1153 bonus
1233 1141 1248 1165 ,
1280 1106 1355 1154 sed

73 1176 195 1224 utilis
224 1177 274 1224 &
301 1176 501 1239 optimus
531 1180 792 1241 Imperator.

137 1250 263 1295 XIV.
282 1250 398 1296 Nam
418 1249 552 1297 exstat
568 1249 752 1313 epistola
769 1247 886 1310 eju9‚
904 1247 956 1295 ad
973 1265 1185 1314 generum
1210 1250 1358 1312 suum,

72 1320 156 1384 jam
176 1322 459 1384 Imperatoris
476 1358 489 1379 ,
511 1321 794 1383 hujusmodi:
815 1323 972 1383 Mifira
988 1325 1211 1384 respublica
1231 1360 1243 1382 ‚
1268 1343 1355 1386 quae

75 1396 171 1462 istos
189 1397 429 1441 divitiarum
451 1399 621 1457 cup-idos
642 1395 684 1443 ὃ*
696 1398 845 1442 divites
853 1399 1016 1456 patitur
1026 1432 1041 1452 ‚
1058 1398 1218 1458 misera,
1237 1402 1359 1451 Mar-j

76 1486 146 1515 cus
177 1469 295 1514 homo
311 1469 422 1530 sane
449 1471 656 1529 optimus,
685 1471 755 1529 qui
782 1471 880 1512 dum
906 1471 1076 1513 clemens
1106 1471 1190 1514 dici
1217 1474 1359 1530 cupit,

77 1559 145 1588 eos
169 1543 332 1601 patitur
352 1543 506 1599 vivere,
525 1559 692 1602 quorum
716 1541 797 1600 ipsi>
817 1558 902 1584 non
921 1543 1074 1600 probat
1100 1542 1242 1586 vitam.
1267 1545 1357 1588 Ubi

47 1654 50 1657 .
79 1617 234 1660 Lucius
268 1613 426 1675 Caffius
445 1649 458 1670 ,
483 1613 603 1670 cujus
639 1631 716 1658 nos
739 1613 896 1677 frustra
927 1628 1033 1657 cenet
1061 1631 1209 1659 nornen
1228 1617 1254 1660 ἓ
1287 1618 1359 1662 ubi

80 1690 255 1734 Marcus
291 1689 360 1734 ille
399 1691 500 1734 Cato
550 1688 764 1748 Censorius
784 1688 809 1732 ἓ
845 1689 914 1732 ubi
958 1690 1097 1733 omnis
1135 1689 1359 1750 disciplina

80 1762 325 1818 majorum?
350 1778 437 1822 quae
465 1765 563 1808 olim
596 1763 758 1822 quidem
778 1762 978 1806 intercidit
996 1795 1010 1818 ,
1033 1777 1144 1807 nunc
1169 1780 1260 1809 vero
1288 1782 1362 1810 nec

81 1837 280 1896 quaeritur.
303 1837 474 1880 Marcus
505 1836 754 1880 Antoninus
777 1833 1096 1893 philosophatur
1112 1869 1127 1889 ‚
1159 1832 1202 1879 δ’
1221 1839 1363 1895 quaeric

80 1911 128 1954 de
160 1911 370 1954 clementia
390 1942 403 1963 ‚
438 1905 481 1953 G*
509 1910 555 1952 de
584 1909 767 1962 animis,
802 1903 844 1952 δ’
863 1909 909 1951 de
930 1907 1088 1971 honesto
1105 1942 1117 1964 ,
1149 1905 1190 1953 ὃ·
1215 1910 1324 1974 justo
1336 1929 1361 1966 ‚-

82 1998 154 2027 nec
170 1981 305 2041 fintit
329 2000 409 2041 pro
435 1983 654 2041 republica.
694 1984 824 2026 Vides
858 1982 1001 2025 multis
1026 1998 1129 2040 opus
1158 1980 1230 2043 effi
1264 1988 1362 2044 gla-

84 2054 194 2109 dii5‚
227 2056 370 2099 multis
400 2056 568 2115 elogiis,
601 2070 650 2099 ut
683 2056 730 2120 in
768 2054 981 2112 antiquum
1001 2054 1162 2118 statum
1190 2057 1363 2113 publica

77 2126 225 2186 forma
253 2128 453 2173 reddatur.
486 2129 579 2188 Ego
607 2144 698 2172 vero
728 2126 812 2190 istis
837 2124 1078 2188 praefidibus
1115 2128 1364 2184 provincia-

86 2216 188 2244 rum.
220 2217 276 2244 an
305 2217 374 2261 ego
394 2201 679 2259 proconsules,
704 2218 762 2244 an
782 2216 852 2259 ego
875 2196 1063 2259 praefides
1090 2214 1254 2256 putem,
1292 2201 1364 2259 qui

87 2272 136 2314 ob
162 2273 237 2315 hoc
257 2270 343 2334 sthi
371 2291 399 2316 a
420 2276 579 2317 Senatu
611 2271 653 2318 ὃ·
684 2275 736 2317 ab
767 2271 991 2317 Antonino
1014 2270 1257 2330 provincias
1282 2274 1366 2315 da-

90 2356 156 2387 tas
185 2345 351 2386 credunt
367 2377 380 2398 ‚
409 2359 457 2388 ut
482 2344 773 2401 luxurientur,
801 2357 845 2388 uc
873 2344 1020 2386 divites
1038 2341 1155 2399 fiant
1174 2342 1200 2385 ἓ
1219 2345 1366 2387 Audi-

0 2475 9 2485 .,
77 2412 141 2478 sti
155 2447 166 2471 ,
179 2413 416 2475 praefeHum
427 2417 612 2474 praecorii
629 2415 753 2481 nostri
772 2413 1024 2474 Philosophi
1041 2427 1135 2457 ante
1153 2415 1331 2467 triduum
1351 2447 1367 2474 ‚

0 2490 10 2567 1
63 2525 73 2529 -
1001 2483 1044 2528 G
1083 2498 1107 2529 2,

0 2591 11 2628 1!

481 2594 488 2630 ἲ

9 2662 12 2670 .
