1714 2807
291 181 374 224 172
494 160 1362 208 -AELIISPARTIANI

283 285 385 316 cum
409 266 583 329 imperii
609 265 896 329 usurpatione
922 265 1176 328 posuerunt.
1199 267 1262 311 Ac
1289 280 1343 309 ne
1367 263 1473 327 quid
1500 279 1556 310 ex

283 341 336 388 iis
351 375 363 396 ‚
381 356 480 402 quae
504 339 556 385 ad
572 338 859 386 Pescennium
877 338 1122 400 pertinent,
1146 336 1380 398 praetcriffe
1401 336 1556 382 videa-

283 429 413 470 mur,
449 411 587 476 (licet
619 411 716 459 aliis
747 411 869 457 libris
903 411 1110 474 cognosci
1144 412 1334 472 possint)
1371 410 1423 456 de
1462 410 1555 457 hoc

281 484 523 531 Pescennio
549 495 673 530 vates
693 483 928 539 dixerunt,
948 483 1071 545 quod
1097 498 1238 544 neque
1259 482 1390 527 vivus
1412 497 1557 545 neque

282 568 486 602 mortuus
513 554 559 600 in
590 554 848 616 potestatem
883 554 1038 600 Severi
1077 566 1289 600 venturus
1317 554 1447 608 esset,
1483 552 1555 598 sed

279 628 401 689 juxta
430 644 563 691 aquas
588 628 650 673 illi
678 626 951 689 pereundum
978 625 1101 672 effer:
1131 627 1253 687 quod
1281 626 1457 689 quidam
1488 626 1557 671 di-

282 716 391 748 cunt
421 701 561 763 ipsum
602 701 816 746 Severum
856 699 909 745 de
940 697 1145 753 mathesi,
1184 715 1316 761 quam
1348 700 1556 756 callebat,

282 773 446 820 dixisse.
481 775 577 820 Nec
613 773 750 820 abfuit
787 772 1002 835 responsis
1034 772 1221 832 veritas,
1253 789 1353 821 cum
1378 772 1452 819 ille
1484 772 1556 819 in-

279 859 443 893 ventus
471 846 519 891 slt
542 845 663 905 juxta
689 845 890 907 paludem
923 844 1183 892 semivivus.

344 916 404 985 X..
422 915 649 963 Hictantae
666 916 747 962 fuit
766 916 1025 972 severitatis,
1044 928 1104 973 ut,
1126 934 1226 964 cum
1247 917 1404 966 milites
1422 918 1558 982 quos-⁴

280 987 458 1038 damin
493 1006 636 1038 caveo
673 1002 884 1054 argenteo
919 990 1216 1052 expeditionis
1251 1004 1453 1053 ternpore
1486 991 1556 1038 bi-

279 1063 385 1109 bere
414 1063 584 1109 vidiffet
600 1099 611 1120 ,
631 1061 794 1122 jusserit
816 1078 949 1108 omne
971 1076 1198 1127 argentum
1223 1062 1479 1114 submoveri
1501 1063 1557 1109 de

280 1136 359 1183 usu
387 1136 739 1198 expeditionali,
768 1137 918 1182 addito
956 1152 1010 1182 eo
1029 1172 1041 1192 ‚
1063 1151 1110 1183 ut
1141 1137 1298 1200 ligneis
1322 1136 1432 1184 vasis
1455 1149 1558 1184 ute-

278 1224 457 1255 rentur:
486 1209 611 1271 quod
639 1208 817 1270 quidem
850 1208 910 1254 illi
944 1209 1098 1254 odium
1131 1209 1320 1256 militare
1352 1210 1558 1257 concita-

279 1281 364 1327 vit.
389 1279 584 1326 Dicebat
615 1280 731 1325 enim
749 1315 761 1335 ,
784 1279 903 1340 poffe
937 1277 1054 1335 fieri,
1078 1293 1123 1325 ut
1147 1278 1326 1327 sarcinae
1346 1281 1557 1327 militares

278 1353 323 1399 in
350 1352 611 1414 potestatem
632 1352 824 1400 hostium
850 1352 1084 1407 venirent;
1111 1369 1163 1398 ne
1190 1353 1230 1399 se
1256 1354 1452 1400 barbarae
1481 1370 1557 1400 na-

276 1422 429 1470 tiones
459 1437 644 1488 argento
688 1423 843 1470 nostro
881 1423 1167 1486 gloriosiores
1198 1423 1420 1482 facerent,
1451 1442 1557 1472 cum

275 1498 359 1543 alia
393 1498 540 1544 minus
578 1510 676 1559 apta
714 1497 925 1544 hosticam
962 1497 1219 1544 viderentur
1260 1498 1314 1544 ad
1353 1499 1558 1562 gloriam.

276 1571 397 1618 Idem
422 1570 535 1631 juffit
562 1571 718 1618 vinum
743 1571 788 1617 in
815 1570 1104 1632 expeditione
1127 1571 1348 1618 neminem
1375 1573 1557 1631 bibere,

273 1643 350 1690 sed
382 1657 510 1691 aceto
542 1643 776 1691 universos
805 1643 887 1690 effe
926 1657 1182 1692 contentos.
1217 1646 1333 1691 Idem
1372 1646 1557 1708 pistores

275 1715 397 1778 sequi
437 1716 769 1778 expeditionem
812 1717 1068 1779 prohibuit,
1105 1717 1356 1765 buccellato
1396 1717 1559 1780 jubens

274 1789 437 1836 milites
472 1792 520 1836 δι
553 1806 710 1837 omnes
753 1804 995 1839 contentos
1040 1791 1139 1838 effe.
1175 1793 1293 1838 Idem
1326 1793 1388 1838 ob
1424 1792 1558 1840 unius

273 1862 507 1926 gallinacei
523 1863 838 1925 direptionem,
854 1865 1006 1911 decem
1025 1863 1457 1925 commanipulones,
1473 1863 1554 1928 qui

273 1950 448 1999 raptum
481 1936 536 1982 ab
567 1953 662 1983 uno
694 1939 1057 1995 commederant,
1085 1936 1224 1984 securi
1260 1937 1430 1999 percuti
1463 1938 1555 1998 jus-

274 2009 357 2065 fit3
388 2010 436 2056 &
462 2008 651 2068 fecisset,
680 2010 758 2058 nifi
785 2011 839 2056 ab
865 2010 991 2057 omni
1019 2009 1217 2057 exercitu
1242 2025 1385 2073 prope
1413 2010 1555 2074 usque

273 2082 328 2127 ad
357 2095 523 2128 metum
551 2082 776 2129 seditionis
802 2082 905 2130 effet
930 2096 1132 2146 rogatus:
1173 2083 1222 2129 δι
1255 2091 1355 2129 cum
1391 2099 1555 2145 peper-

273 2152 417 2208 cisset,
435 2152 573 2214 jussit,
595 2167 643 2201 ut
669 2155 888 2200 denorum
914 2154 1258 2218 gallinaceorum
1289 2153 1428 2215 pretia
1445 2170 1552 2216 pro-

273 2224 457 2273 vinciali
489 2226 722 2274 redderent
752 2227 929 2283 decem,
961 2226 1036 2290 qui
1077 2225 1204 2272 fimul
1239 2224 1361 2273 furto
1384 2226 1554 2273 couvi-³

274 2311 459 2355 xerant,
484 2292 740 2356 addito'eo,
773 2312 820 2345 ut
850 2311 945 2345 tota
975 2299 1020 2345 in
1048 2298 1335 2361 expeditione
1357 2299 1402 2346 in
1422 2316 1553 2347 com-

274 2371 628 2432 manipularione
669 2388 803 2419 nemo
847 2371 1000 2419 focum
1039 2372 1231 2428 faceret,
1265 2388 1320 2418 ne
1353 2388 1552 2435 unquam

275 2459 432 2494 recens
459 2445 638 2496 coctum
655 2445 805 2498 cibum
829 2445 1076 2507 sumerent,
1095 2445 1164 2494 sed
1183 2461 1296 2511 pane
1311 2461 1362 2496 ae
1380 2443 1555 2510 frigidis
