1637 2785
245 143 309 188 M.
360 139 530 188 ANT.
579 137 1168 187 PHILOSOPHUS.
1282 153 1341 201 71

71 250 234 299 movit.
270 252 400 296 Fama
431 248 513 295 fuit
545 248 674 304 sane,
703 248 830 311 quod
862 246 940 294 sub
970 244 1349 311 philosophorum

68 323 212 387 specie
244 323 424 386 quidam
453 321 772 386 rempublicam
801 334 1018 371 vexarent
1047 322 1097 369 &
1127 321 1344 384 privatos.

67 409 125 455 qu
115 393 190 440 od
209 392 284 439 ille
304 392 528 456 purgavit.

131 465 304 512 XX1V.
334 467 440 512 Erat
466 482 565 512 mos
591 464 671 512 iste
703 463 971 522 Antonino,
993 477 1042 512 ut
1078 440 1232 511 omnia
1260 463 1347 512 cri-

64 536 181 583 mina
203 538 377 586 minore
405 537 627 601 supplicio
644 573 656 596 ‚
678 555 814 601 quam
840 501 1010 600 legibixs
1035 536 1165 598 pleffl
1186 536 1348 594 solent,

65 607 278 670 puniret:
302 612 511 674 quamvis
536 627 866 674 nonnunquam
899 625 1060 657 contra
1089 608 1345 656 manifestos

63 684 114 730 &
143 683 347 746 gravium
388 685 628 732 criminum
659 700 761 732 reos
791 684 1080 731 inexorabilis
1110 699 1344 745 permane-

66 767 146 803 ret.
173 757 397 819 Capitales
423 757 569 805 causas
586 757 825 805 hominum
845 757 1138 805 honestorum
1158 754 1248 818 ipse
1269 770 1345 801 co-

67 829 256 893 gnovit;
287 832 335 878 &
366 830 548 893 quidem
581 831 750 879 summa
778 832 987 896 aequitate
1007 867 1022 889 ,
1052 830 1113 877 ita
1154 841 1203 875 ut
1227 829 1346 874 Prae-

66 914 212 949 torem
241 904 614 966 reprehenderet,
646 905 725 968 qui
753 906 847 953 cito
879 921 1062 952 reorum
1094 902 1240 951 causas
1267 919 1346 947 au-

65 976 204 1023 dierat
222 1013 235 1035 ,
253 976 514 1042 juberetque
544 979 671 1026 illum
693 979 851 1025 iterum
882 976 1180 1042 cognoscere,
1201 974 1348 1037 digni-

65 1051 167 1097 tatis
194 1067 353 1098 eorum
382 1051 583 1097 intereffe
610 1051 765 1098 dicens
781 1086 794 1106 ‚
819 1063 869 1096 ut
887 1051 941 1096 ab
964 1066 1020 1096 eo
1051 1049 1313 1096 audirentur
1329 1084 1346 1104 ,

65 1124 143 1185 qui
172 1140 257 1187 pro
286 1124 462 1185 populo
492 1123 722 1185 judicaret.
758 1123 1028 1185 AEquitatem
1061 1123 1193 1168 etiam
1227 1120 1345 1168 circa

67 1208 223 1256 captos
257 1196 403 1242 hostes
440 1195 698 1243 custodivit.
733 1193 940 1242 Infinitos
971 1211 1026 1241 ex
1059 1193 1264 1256 gentibus
1298 1192 1345 1239 in

66 1268 279 1315 Romano
301 1269 400 1315 solo
424 1269 691 1316 collocavit.
713 1269 897 1315 Fulmen
918 1269 972 1314 de
992 1268 1116 1314 coelo
1139 1266 1347 1330 precibus

66 1338 150 1385 suis
171 1351 332 1387 contra
361 1340 556 1387 hostium
578 1340 989 1388 machinamentum
1016 1339 1202 1385 extorsit
1219 1374 1232 1396 ,
1262 1337 1346 1384 suis

65 1415 221 1477 pluvia
251 1416 506 1478 impetrata,
529 1433 629 1463 cum
653 1416 719 1462 siti
743 1415 1012 1462 laborarent.
1035 1413 1199 1460 Voluit
1223 1415 1346 1459 Mar-

65 1488 348 1536 comanniam
392 1488 707 1551 provinciam,
742 1488 892 1535 voluit
921 1487 1054 1533 etiam
1086 1485 1344 1533 Sarmatiam

62 1560 223 1608 facere.
254 1564 304 1610 δι
338 1561 536 1619 feciffet,
564 1561 645 1608 nisi
681 1561 873 1609 Avidius
907 1560 1074 1609 Caffius
1102 1559 1358 1607 rebellafl'etae

62 1633 142 1680 sub
170 1635 329 1680 eodem
355 1634 401 1680 in
432 1635 650 1682 Oriente:
670 1635 747 1698 qui
780 1638 1099 1697 Imperatorem
1122 1633 1164 1680 se
1191 1634 1342 1697 appel-

63 1705 175 1753 lavit
215 1705 293 1769 (ut
322 1706 502 1769 quidam
535 1707 722 1770 dicunt)
757 1706 958 1754 Faustina
999 1706 1216 1765 volente,
1243 1723 1345 1769 quae

62 1780 116 1826 de
134 1779 281 1827 mariti
308 1779 563 1828 valetudine
583 1780 844 1843 desperaret.
875 1780 964 1826 Alii
990 1780 1173 1838 dicunt,
1194 1797 1343 1826 emen·

62 1851 139 1899 tita
170 1867 316 1900 morte
342 1853 591 1910 Antonini,
618 1854 815 1901 Caffium
847 1856 1166 1917 Imperatorem
1195 1853 1236 1901 se
1264 1872 1343 1917 ap-

62 1925 239 1987 pellaffe
252 1961 266 1985 ,
285 1943 384 1973 cum
408 1929 578 1974 Divum
605 1929 807 1975 Marcum
829 1927 1095 1990 appellasset.
1116 1929 1174 1973 Et
1201 1929 1343 1974 Anto-

63 1996 195 2045 ninus
215 1999 396 2062 quidem
417 2015 512 2045 non
531 1999 593 2046 est
621 1999 718 2047 satis
745 2015 894 2046 motus
912 1998 1164 2047 defeffione
1182 2001 1346 2056 Caffii;

64 2088 146 2122 nec
173 2071 219 2118 in
241 2071 334 2133 ejus
362 2073 538 2121 affecius»
567 2073 735 2121 saeviit:
756 2073 829 2120 sed
860 2090 938 2136 per
967 2074 1177 2119 Senatum
1208 2073 1349 2120 hostis

4 2143 13 2153 ⁴
61 2142 126 2188 est
151 2142 373 2205 judicatus
389 2181 404 2203 ,
424 2147 637 2212 bonaque
655 2147 751 2210 ejus
771 2148 1023 2212 proscripta
1042 2163 1121 2211 per
1139 2147 1345 2195 aerarium

62 2217 311 2279 publicum.

128 2290 282 2337 XXV.
302 2290 479 2339 Relisto
505 2308 615 2357 ergo
639 2291 886 2340 Sarmatico
907 2289 1346 2339 Marcommannico-

63 2378 152 2424 que
188 2364 310 2411 bello
331 2400 347 2422 ,
384 2379 542 2413 contra
582 2366 773 2414 Caffium
810 2367 1035 2429 profectus
1070 2365 1144 2413 est.
1185 2367 1346 2413 Romae

62 2435 203 2484 turbae
230 2437 364 2487 etiam
401 2437 582 2487 fuerunt
601 2475 614 2499 ‚
646 2439 767 2503 quasi
796 2439 966 2487 Caffius
990 2436 1169 2486 absente
1198 2440 1341 2487 Anto-

956 2512 993 2556 E
1028 2526 1059 2560 ,4
1113 2530 1122 2537 ·
