1714 2807
347 202 440 248 274
559 154 1431 228 AELll‘LAMPRlDll

409 295 581 342 XXIV.
612 287 877 338 Provincias
910 283 1141 348 praetorias
1159 318 1171 340 ,
1195 276 1457 344 praesidiales
1484 272 1625 337 pluri-

345 383 435 414 mas
469 364 574 411 fecit
598 380 609 410 ε
638 359 980 424 proconsulares
999 373 1054 402 ex
1078 356 1262 400 Senatus
1292 349 1526 396 voluntate
1550 359 1626 390 or-

346 438 534 488 dinavit.
563 436 723 483 Balnea
755 433 895 479 mixta
925 432 1081 476 Romae
1115 422 1317 472 exhiberi
1355 416 1625 482 prohibuit;

347 512 474 573 quod
505 509 682 574 quidem
711 505 797 567 jam
831 515 931 550 ante
967 498 1272 564 prohibitum,
1310 489 1628 555 Heliogabalus

346 586 442 634 fieri
470 581 733 646 permiserat.
760 582 990 624 Lenonum
1021 571 1205 633 veffigal
1223 572 1296 625 ‚&
1317 564 1627 620 meretricum,

346 660 398 706 &
426 654 736 707 exoletorum,
760 650 804 693 in
835 648 1002 694 sacrum
1035 643 1238 689 aemrium
1276 637 1429 685 inferri
1454 634 1628 691 vetuit,

348 731 422 779 sed
453 726 664 774 sumtibus
703 720 894 784 publicis
938 719 991 764 ad
1018 713 1394 780 'instaurationem
1432 707 1628 764 theatri,

348 804 484 858 circi,
505 794 843 861 amphitheatri,
864 794 912 839 &
936 789 1106 847 aerarii,
1130 786 1374 850 deputavit.
1397 782 1563 830 Habuit
1584 781 1631 826 in

349 877 502 925 animo
518 909 532 932 ,
560 884 609 918 ut
634 869 841 916 exoletos
865 875 1036 910 vetaret
1056 897 1068 918 ,
1092 859 1217 922 quod
1237 857 1387 920 postea
1408 853 1632 916 Philippus

349 950 487 998 fecit:
517 946 589 992 sed
617 942 787 991 veritus
816 938 904 995 est,
926 952 982 982 ne
1011 934 1280 996 prohibens,
1301 927 1529 991 publicum
1556 925 1632 971 de-

353 1023 488 1070 decus
528 1019 572 1064 in
616 1015 812 1077 privatas
855 1009 1116 1071 cupiditates
1160 1012 1450 1051 converteret
1474 1033 1489 1056 ‚
1532 1013 1634 1044 cum

351 1095 558 1143 homines
583 1089 737 1136 illicita
765 1085 903 1146 magis
932 1081 1148 1144 poscant,
1176 1073 1491 1139 prohibitaque
1511 1069 1636 1116 furo-

354 1189 401 1218 re
424 1167 756 1230 persequantur.
776 1156 1116 1205 Braccariorum
1136 1188 1150 1208 ‚
1171 1151 1422 1196 linteonum
1437 1181 1451 1203 ‚
1470 1146 1637 1191 vitrea-

356 1243 527 1290 riorum
551 1273 563 1294 ‚
604 1234 851 1295 pellionum
874 1265 887 1286 ,
923 1224 1287 1289 plaustrariorum
1306 1253 1320 1275 ‚
1360 1215 1637 1280 argentario-

357 1333 457 1364 rum
474 1349 486 1370 ,
508 1307 735 1357 aurificum
753 1341 764 1359 ‚
790 1305 839 1351 &
858 1314 1103 1348 ceterarum
1124 1296 1310 1350 artium,
1333 1288 1519 1354 vectigal
1535 1287 1640 1350 pul·

358 1385 630 1437 cherrimum
658 1375 876 1425 instituit:
913 1389 964 1419 ex
1000 1384 1144 1431 eoque
1180 1364 1296 1426 juffit
1332 1363 1526 1408 thermas
1547 1394 1560 1417 ,
1588 1359 1639 1405 δε

357 1475 468 1523 quas
499 1455 590 1518 ipse
621 1450 907 1503 fundaverat,
933 1443 983 1489 &
1012 1438 1288 1501 superiores,
1308 1433 1464 1497 populi
1491 1431 1639 1479 ufibus

359 1527 592 1579 exhiberi:
626 1522 754 1569 filvas
783 1518 915 1564 etiam
950 1511 1135 1560 thermis
1168 1507 1355 1572 publicis
1392 1502 1639 1567 deputavit.

361 1599 544 1650 Addidit
565 1596 616 1644 ὃ(
633 1594 783 1641 oleum
810 1576 1049 1635 luminibus
1068 1583 1343 1631 thermarum
1357 1615 1369 1636 ,
1393 1593 1494 1641 qum
1513 1588 1642 1622 antea

365 1691 460 1721 non
492 1683 592 1717 ante
618 1679 824 1713 auroram
851 1668 1078 1724 paterent,
1102 1655 1152 1702 &
1181 1665 1281 1700 ante
1301 1650 1404 1698 solis
1432 1646 1640 1696 occasum

363 1745 689 1795 clauderentur.

430 1815 582 1864 XXV.
607 1808 750 1869 Hujus
768 1803 1003 1867 imperium
1035 1801 1318 1847 incruentum
1346 1792 1525 1856 quidam
1543 1789 1640 1837 lite-

365 1893 425 1940 ris
452 1886 750 1936 tradiderunt:
770 1878 894 1942 quod
918 1887 1074 1924 contra
1109 1872 1184 1918 est.
1204 1886 1303 1919 uam
1325 1869 1371 1914 &
1390 1870 1558 1912 Severus
1579 1862 1642 1909 est

367 1961 610 2027 appellatus
639 1974 663 2002 a
696 1953 910 2001 militibus
932 1950 992 1996 ob
1015 1945 1336 1997 austeritatem,
1359 1942 1406 1986 ὅ(
1434 1939 1480 1983 in
1501 1936 1643 1983 anirn-

367 2029 708 2085 adverfionibus
748 2023 944 2085 asperior
975 2020 1022 2066 in
1058 2014 1317 2081 quibusdam
1356 2010 1453 2058 fuit.
1492 2010 1644 2071 Opera

368 2120 571 2159 veterum
606 2096 863 2158 Principum
905 2089 1193 2138 instauravit:
1229 2084 1318 2147 ipse
1352 2099 1472 2130 nova
1509 2080 1644 2127 multa

370 2175 600 2231 constituit
622 2192 631 2220 :
656 2172 699 2217 in
729 2169 796 2214 his
831 2167 1020 2212 thermas
1047 2159 1242 2206 nominis
1269 2156 1359 2212 sui,
1389 2153 1511 2215 juxta
1547 2167 1643 2207 eas,

369 2271 471 2319 quae
497 2247 769 2298 Neronianae
795 2241 1000 2293 fuerunt,
1022 2253 1131 2298 aqua
1157 2233 1358 2288 inducia,
1376 2245 1476 2292 quae
1505 2230 1645 2273 Alex-

370 2329 553 2376 andrina
577 2320 698 2367 nunc
717 2317 893 2363 dicitur.
913 2315 1082 2357 Nemus
1100 2304 1282 2353 thermis
1301 2303 1401 2359 suis,
1423 2300 1475 2346 de
1494 2298 1644 2361 priva-

371 2401 429 2448 tis
461 2397 630 2444 aedibus
661 2391 770 2446 suis,
797 2402 904 2450 quas
928 2394 1120 2437 emerat,
1147 2377 1302 2425 dirutis
1336 2372 1557 2426 aedificiis,
1579 2368 1645 2415 fe-

374 2473 451 2523 cit.
481 2470 640 2518 Oceani
660 2466 817 2528 solium
853 2459 1022 2525 primus
1051 2455 1166 2504 inter
1197 2448 1422 2513 Principes
1451 2441 1646 2509 appella-
