1714 2807
313 156 400 216 176

419 424 707 498 JULII
765 411 1465 489 CAPITOLINI

312 628 916 716 CLODIUS
974 568 1581 703 ALB‘INUS

910 793 1003 835 AD

521 927 1164 985 DIOCLETIANUM
1215 924 1390 972 AUG.

719 1097 1184 1117 a—ffl———n——n-

314 1293 348 1338 1.
382 1250 544 1340 UNO
564 1283 815 1343 eodemque
836 1289 1040 1337 tempore
1062 1271 1158 1335 post
1181 1267 1473 1323 Pertinacem,
1493 1262 1590 1328 qui,

313 1364 495 1410 audiere
532 1357 703 1405 Albino
720 1390 734 1410 ‚
764 1353 1025 1398 interemtus
1045 1345 1105 1392 est
1122 1381 1136 1402 ‚
1158 1344 1352 1391 Julianus
1384 1359 1406 1387 a
1433 1343 1595 1386 Senatu

308 1433 478 1482 'Romae
494 1467 507 1488 ‚
528 1427 767 1492 Septimius
789 1425 979 1470 Severus
1003 1420 1056 1466 ab
1081 1416 1282 1464 exercitu
1306 1414 1349 1461 in
1380 1412 1565 1476 lllyrico
1583 1446 1597 1468 ‚

315 1506 579 1558 Pescennius
611 1502 748 1564 Niger
777 1498 823 1544 in
855 1494 1069 1551 Oriente,
1098 1490 1286 1538 Clodius
1329 1488 1517 1533 Albinus
1549 1485 1595 1530 in

317 1580 467 1629 Gallia
482 1615 494 1633 ‚
516 1580 806 1637 Imperatores
825 1566 1033 1631 appellati
1059 1565 1172 1610 sunt.
1193 1564 1246 1607 Et
1267 1560 1479 1606 Clodium
1502 1557 1600 1621 qui-

317 1655 421 1701 dem
451 1647 737 1697 Herodianus
772 1642 880 1689 dicit
917 1637 1070 1685 Severi
1110 1634 1326 1681 Caesarem
1361 1629 1499 1677 fuiss'e.
1529 1628 1601 1674 sed

317 1742 426 1774 cum
452 1723 560 1769 alter
588 1720 775 1765 alterum
805 1712 1111 1775 indignaretur
1133 1707 1348 1768 imperare
1364 1741 1376 1762 ‚
1393 1719 1475 1749 nec
1493 1701 1602 1747 Gal-

318 1800 353 1847 li
375 1798 489 1845 ferre
511 1793 684 1858 poffent
712 1801 785 1837 aut
807 1781 1097 1834 Germaniani
1123 1778 1344 1827 exercitus
1360 1812 1371 1834 ,
1400 1775 1521 1839 quod
1550 1774 1600 1820 &

320 1871 402 1934 ipsi
432 1868 559 1914 suum
587 1862 814 1926 specialem
847 1857 1096 1918 Principem
1133 1853 1373 1905 haberent,
1403 1847 1604 1909 undique

321 1943 484 1991 cunfla
517 1938 689 1984 turbata
724 1933 838 1980 sunt.
878 1929 978 1976 Fuit
1014 1939 1157 1973 autem
1193 1922 1382 1970 Clodius
1416 1919 1605 1966 Albinus

323 2013 495 2063 familia
512 2008 683 2064 nobili,
708 2001 1028 2051 Adrumetinus
1051 2010 1196 2043 tamen
1213 2010 1264 2040 ex
1282 1990 1445 2038 Africa.
1470 2003 1604 2051 quare

325 2086 492 2135 sortem
518 2080 666 2136 illam,
694 2092 784 2138 qua
811 2075 1022 2119 Severum
1050 2068 1275 2113 laudatum
1306 2064 1351 2108 in
1379 2058 1607 2108 Pescennii

326 2158 428 2206 vita
453 2153 672 2207 diximus,
703 2148 759 2195 ad
791 2146 831 2192 se
859 2143 1083 2196 trahebat,
1112 2139 1271 2184 nolens
1294 2134 1479 2197 intelligi
1504 2132 1606 2193 Pes-

318 2231 458 2298 fimus
482 2228 645 2278 Albas,·
670 2218 794 2284 quod
815 2216 974 2263 eodem
995 2211 1124 2258 versu
1146 2209 1461 2256 continebatur
1477 2238 1490 2259 ,
1512 2219 1608 2267 quo

332 2305 384 2349 &
409 2298 561 2346 Severi
588 2295 707 2349 laus,
734 2293 784 2338 &
810 2285 1075 2351 approbatio
1103 2282 1230 2345 Nigri
1258 2277 1496 2326 Pescennii.
1525 2276 1611 2322 Sed

333 2372 588 2437 priusquam
614 2365 688 2412 vel
711 2363 764 2410 de
790 2362 884 2407 vita
906 2358 1023 2419 ejus,
1046 2357 1115 2402 vel
1143 2356 1194 2401 de
1220 2365 1362 2400 morte
1386 2350 1580 2396 differam
1596 2382 1612 2406 ,

333 2445 468 2494 etiam
487 2443 574 2491 hoc
596 2437 832 2490 dicendum
853 2432 913 2482 est
929 2468 942 2493 ‚
961 2429 1084 2495 quod
1105 2444 1203 2476 eum
1227 2426 1423 2474 nobilem
1441 2423 1560 2471 fecit.
