1714 2807
356 174 412 215 42
606 151 1363 200 JUL11CAP1TOL1N1

354 271 442 316 rat,
462 275 566 306 cum
588 258 757 322 ingenti
781 260 1019 323 gratiarum
1048 261 1223 309 afflone
1246 263 1449 326 suscepit.
1465 263 1630 311 Tertio

352 347 474 378 anno
503 331 689 395 imperii.
710 332 772 379 sui
804 334 1048 379 Faustinam
1079 350 1267 381 uxorem
1296 335 1509 397 perdidit:
1532 351 1632 398 quae

353 419 378 450 a
412 402 561 450 senatu
593 404 851 452 consecrata
886 405 973 464 est,
1016 406 1170 454 delatis
1201 407 1467 455 circensibus
1499 424 1632 471 atque

353 477 551 540 templo,
573 479 622 526 δι
643 478 905 535 flaminicis,
927 480 975 526 &
1000 478 1148 526 statuis
1169 480 1310 526 aureis
1329 497 1458 560 atque
1476 497 1631 544 argen-

354 548 464 594 teis:
490 566 590 596 cum
616 550 747 596 etiam
767 550 857 612 ipse
884 551 971 598 hoc
996 552 1283 609 concesserit,
1303 565 1351 598 ut
1372 553 1519 615 imago
1538 551 1634 612 ejus

354 620 521 666 cunetis
545 621 809 668 circensibus
832 636 1087 685 poneretur.
1109 625 1306 670 Statuam
1328 640 1529 682 auream,
1555 624 1634 669 de-

352 690 484 738 latam
496 692 700 750 asenam,
715 693 901 755 positam
920 693 1118 757 suscepit.
1132 698 1332 742 Marcum
1348 694 1633 741 Antoninum

354 765 620 827 quaestorem
638 802 651 825 ,
673 767 916 814 Consulem
947 781 1124 830 petente
1149 769 1299 814 senatu
1327 767 1510 816 creavit.
1532 772 1632 815 An-

354 837 479 884 nium
501 841 667 886 Verum
683 875 695 896 ,
714 840 792 903 qui
817 840 966 902 postea
991 838 1130 888 disius
1150 841 1210 887 est
1231 842 1510 900 Antoninus,
1530 853 1633 889 ante

354 922 528 973 tempus
543 913 806 974 quaestorem
830 912 1098 976 designavit:
1122 929 1264 976 neque
1289 914 1341 960 de
1363 914 1631 976 provinciis,
1662 912 1666 918 ’

355 1000 501 1046 neque
534 985 587 1032 de
624 986 722 1032 ullis
761 985 926 1031 affibus
965 985 1212 1048 quidquam
1253 986 1511 1043 constituit,
1553 987 1633 1033 nisi

354 1059 479 1120 quod
504 1060 623 1121 prius
650 1061 703 1106 ad
731 1060 902 1106 amicos
927 1059 1101 1105 retulit:
1129 1072 1261 1122 atque
1282 1076 1337 1105 ex
1361 1075 1517 1106 eorum
1540 1059 1635 1111 sen-i

355 1130 491 1177 tentia
512 1131 680 1178 formas
708 1132 975 1194 composuit.
1000 1131 1129 1179 Visus
1156 1132 1215 1178 est
1242 1131 1341 1177 sane
1374 1132 1429 1178 ab
1452 1131 1634 1190 amicis,

354 1203 405 1249 &
441 1219 542 1251 cum
578 1204 764 1267 privatis
801 1203 1024 1264 vestibus,
1059 1207 1108 1253 &
1144 1204 1386 1253 domestica
1429 1204 1633 1269 quaedam

354 1291 524 1338 gerens.

437 1349 534 1395 Vll.
558 1349 703 1395 Tanta
733 1348 830 1396 sane
864 1349 1092 1412 diligentia
1128 1350 1345 1412 subjectos
1375 1349 1452 1397 fibi
1485 1367 1633 1414 popu-

354 1417 426 1465 los
446 1420 593 1477 rexit,
616 1433 667 1468 ut
687 1423 837 1468 omnia
860 1425 907 1470 ὅ(
930 1439 1113 1479 omnes,
1135 1424 1254 1487 quasi
1275 1424 1348 1470 sua
1374 1424 1537 1482 essent,
1557 1441 1634 1471 cu-

354 1505 485 1540 raret.
506 1493 762 1541 Provinciae
785 1494 862 1541 sub
881 1511 936 1541 eo
960 1497 1128 1542 cunilae
1152 1496 1419 1543 floruerunt.
1442 1497 1636 1560 quadru-

355 1563 552 1626 platores
580 1564 778 1613 exstinffi
811 1567 922 1614 sunt.
953 1568 1200 1615 Publicatio
1231 1569 1457 1617 bonorum
1489 1569 1636 1616 rarior

356 1653 489 1698 quam
531 1655 725 1698 unquam
770 1637 880 1697 fuit,
909 1639 969 1686 ita
1005 1651 1053 1686 ut
1087 1657 1201 1688 unus
1231 1653 1404 1689 tantum
1441 1641 1636 1705 proseria

298 1710 301 1713 ’
355 1708 537 1755 beretur
563 1710 772 1758 affeftatae
798 1711 1052 1774 tyrannidis
1075 1729 1200 1773 reus,
1228 1714 1318 1761 hoc
1344 1714 1430 1772 est,
1455 1714 1635 1761 Attilius

356 1781 599 1840 Tatianus,
618 1783 769 1830 senatu
791 1784 1027 1846 puniente:
1047 1802 1072 1831 a
1097 1802 1192 1849 quo
1229 1786 1437 1834 conscios
1470 1786 1636 1850 requiri

357 1855 532 1912 vetuit,
559 1856 656 1904 filio
680 1856 773 1918 ejus
803 1857 849 1903 in
872 1857 1083 1906 omnibus
1112 1858 1280 1921 semper
1305 1858 1473 1919 adjuto.
1502 1859 1637 1906 Periit

357 1929 407 1977 ὅ(
431 1930 701 1988 Priscianus,
725 1947 824 1978 reus
853 1930 1063 1978 affessatae
1088 1932 1368 1995 tyrannidis;
1391 1931 1464 1979 sed
1490 1944 1635 1979 morte

357 2000 636 2049 voluntaria.
657 2003 709 2049 de
734 2020 820 2066 qua
849 2003 1166 2065 conjuratione
1195 2005 1336 2069 quaeri
1365 2004 1521 2054 vetuit.
1553 2006 1635 2052 Vi-

359 2072 451 2119 &us
475 2075 698 2121 Antonini
717 2076 780 2122 Pii
805 2075 902 2122 talis
929 2075 1036 2132 fuit,
1063 2089 1112 2122 ut
1152 2078 1254 2124 esset
1284 2077 1513 2139 opulentia
1545 2077 1635 2124 sine

358 2145 731 2206 reprehensione,
751 2148 1016 2210 parsimonia
1045 2149 1136 2196 fine
1163 2150 1396 2207 sordibus;
1417 2152 1463 2198 &
1487 2150 1634 2197 mensa

358 2215 453 2277 ejus
477 2235 556 2281 per
585 2221 798 2284 proprios
822 2220 1000 2279 serv03,
1017 2222 1225 2284 proprios
1254 2239 1469 2285 aucupes,
1492 2221 1634 2285 pisca-

358 2302 480 2340 tores
501 2295 549 2341 &
577 2307 815 2343 venatores
840 2295 1140 2342 instrueretur.
1161 2296 1371 2343 Balneum
1386 2331 1401 2353 ,
1423 2312 1513 2358 quo
1535 2295 1633 2343 usus

359 2365 530 2426 fuisset,
555 2367 643 2415 fine
663 2368 866 2414 mercede
893 2368 1064 2430 populo
1090 2368 1315 2415 exhibuit:
1337 2383 1418 2413 nec
1440 2367 1633 2417 omnino

359 2436 605 2504 quidquam
636 2440 690 2491 de
712 2440 818 2492 vitae
840 2440 1025 2505 privatae
1056 2441 1264 2505 qualitate
1289 2439 1487 2494 mutavit.
1510 2439 1631 2487 Sala⁴
