1714 2807
309 148 401 193 242
518 133 1398 180 AELIILAMPRIDII

307 237 495 287 exemtis
524 250 763 294 necarent,
784 237 897 286 alios
922 238 987 285 ab'
1005 238 1093 286 ima
1125 250 1246 302 parte
1273 238 1588 303 perfoderent,

308 324 360 359 ut
385 328 506 358 mors
536 312 640 358 effer
670 311 774 358 vitae
799 310 1098 360 consentiens.

367 381 515 430 XVll.
548 383 649 430 Post
678 383 771 431 hoc
801 384 847 429 in
880 399 980 430 eum
1014 383 1204 445 impetus
1237 383 1371 430 sacius
1399 382 1488 439 est,
1520 393 1590 429 at-'

306 473 394 520 que
422 456 466 501 in
488 455 672 512 latrina,
701 456 755 502 ad
780 471 912 517 quam
939 455 1229 517 confugerat,
1258 454 1446 502 occisus.
1475 454 1588 501 Tra·

306 530 400 575 &us
429 526 587 574 deinde
619 543 697 590 per
721 526 978 589 publicum,
1006 527 1239 588 additaque
1268 525 1430 586 injuria
1459 526 1588 572 cada-

307 600 408 649 veri
432 599 521 659 est,
551 610 600 646 ut
623 599 667 645 id
697 598 741 645 in
777 598 1026 645 cloaculam
1057 598 1218 644 milites
1250 597 1488 645 mitterent.
1515 597 1589 644 sed

305 691 412 723 cum
447 689 541 719 non
578 672 757 735 cepiffet
789 671 994 719 cloacula
1039 670 1262 730 fortuito,
1291 688 1369 734 per
1400 686 1588 734 pontem

306 745 565 801 AEmilium,
585 758 765 790 annexo
790 744 989 805 pondere
1007 778 1020 799 ,
1045 759 1099 790 ne
1125 742 1348 801 fluitaret,
1381 744 1426 790 in
1453 744 1589 790 Tibe-

302 817 395 866 rim
423 816 642 878 abjectum
671 815 759 875 est,
786 831 841 861 ne
866 831 1064 878 unquam
1093 814 1267 877 sepeliri
1295 815 1450 879 posset.
1475 816 1592 863 Tra-

305 893 424 939 &um
453 891 514 938 est
546 889 739 936 cadaver
764 887 860 949 ejus
890 889 1021 934 etiam
1047 905 1124 950 per
1156 889 1278 936 Circi
1308 889 1466 951 spatia,
1494 890 1589 952 pri-

305 965 490 1029 usquam
526 962 572 1008 in
601 960 804 1009 Tiberim
846 961 1209 1024 praecipitaretur.
1244 963 1426 1008 Nomen
1462 961 1588 1023 ejus,

305 1036 350 1084 id
374 1036 433 1083 est
445 1033 667 1082 Antonini
683 1069 694 1089 ,
714 1032 879 1080 erasum
902 1033 979 1091 est,
1000 1035 1160 1079 Senatu
1181 1033 1386 1093 jubente,
1410 1051 1588 1081 reman-

303 1108 444 1171 fitque
483 1104 608 1151 Varii
647 1104 953 1166 Heliogabali:
985 1104 1196 1167 siquidem
1234 1105 1345 1152 illud
1380 1105 1588 1154 affestato

304 1179 578 1233 retinuerat,
616 1191 717 1222 cum
751 1175 850 1220 vult
888 1175 1030 1221 videri
1069 1174 1185 1221 filius
1215 1176 1453 1223 Antonini.
1490 1179 1588 1239 Αρ-

305 1252 493 1315 pellatus
520 1249 581 1296 est
613 1249 711 1311 post
747 1261 937 1294 mortem
974 1250 1216 1301 Tiberinus,
1247 1249 1296 1295 ὅ(
1331 1251 1587 1308 Τναῖἶίιὶιις,

305 1326 356 1373 δι
379 1327 569 1384 Impurus
586 1357 599 1377 ,
624 1323 670 1369 &
694 1320 828 1367 multa
844 1356 858 1378 ,
878 1320 907 1365 si
929 1321 1111 1382 quando
1137 1336 1186 1366 ea
1214 1334 1336 1366 erant
1359 1321 1587 1384 defignan-

306 1398 363 1445 da
378 1434 387 1452 ‚
408 1413 509 1460 quae
530 1395 604 1442 sub
624 1411 680 1441 eo
708 1394 817 1440 fafila
842 1394 1134 1442 videbantur:
1155 1393 1359 1457 solusque
1383 1395 1588 1442 omnium

303 1470 564 1530 Principum
589 1468 749 1514 tracius
769 1468 858 1524 est,
885 1469 932 1514 δέ
963 1466 1007 1511 in
1037 1466 1236 1512 cloacam
1269 1466 1414 1513 miffus
1432 1503 1447 1524 ,
1467 1470 1516 1515 &
1539 1468 1586 1514 in

305 1541 507 1590 Tiberim
523 1538 845 1602 praecipitatus:
865 1539 988 1601 quod
1006 1539 1116 1584 odio
1135 1538 1366 1585 communi
1384 1540 1588 1588 omnium

307 1613 528 1677 contigit,
557 1629 580 1658 a
615 1626 709 1674 quo
740 1610 966 1673 speciatim
1001 1627 1163 1657 cavere
1197 1611 1358 1657 debent
1393 1611 1588 1674 impera-

307 1703 460 1741 tores,
483 1684 693 1743 siquidem
722 1700 805 1731 nec
828 1682 1024 1745 sepulcra
1057 1697 1336 1742 mereantur,
1360 1685 1437 1746 qui
1457 1702 1588 1732 amo-

307 1776 404 1806 rem
440 1759 650 1813 Senatus,
684 1755 872 1817 populi,
901 1772 952 1801 ac
987 1755 1177 1802 militum
1219 1772 1312 1801 non
1349 1769 1588 1804 merentur.

307 1836 459 1893 Opera
478 1829 657 1891 publica
676 1828 807 1890 ipsuis
830 1841 988 1890 praeter
1010 1830 1147 1875 aedem
1172 1829 1451 1891 Heliogabali
1467 1830 1587 1889 Dei,

310 1922 442 1968 quem
467 1904 613 1949 Solem
635 1902 735 1960 alii,
755 1902 828 1948 alii
857 1904 1017 1949 Jovem
1039 1902 1217 1958 dicunt,
1237 1905 1287 1948 &
1313 1903 1589 1964 amphithea-

308 1979 365 2026 tri
394 1974 647 2023 inssauratio
676 1974 775 2036 post
801 1974 1105 2030 exustionem,
1133 1977 1182 2021 &
1204 1975 1430 2021 lavacrum
1453 1975 1498 2020 in
1521 1974 1588 2021 vi-

308 2065 367 2097 co
393 2045 618 2108 Sulpicio,
647 2045 772 2105 quod
810 2045 1066 2090 Antoninus
1094 2045 1248 2091 Severi
1280 2044 1396 2090 filius
1430 2062 1588 2107 coepe-

309 2133 404 2176 rat,
441 2119 563 2164 nulla
591 2118 775 2164 exstant.
813 2119 868 2162 Et
897 2117 1123 2163 lavacrum
1155 2118 1333 2180 quidem
1363 2117 1588 2163 Antonini

308 2193 565 2241 Caracallus
586 2191 888 2247 dedicaverat,
910 2192 957 2237 &
977 2191 1189 2243 lavando.
1209 2193 1256 2237 ὅ(
1277 2191 1494 2251 populum
1514 2189 1586 2234 ad-

308 2265 556 2315 mittendo:
590 2263 661 2308 sed
693 2263 894 2324 porticus
929 2263 1185 2319 defuerant,
1219 2279 1317 2324 qua:
1352 2262 1496 2324 postea
1531 2260 1588 2306 ab

310 2340 401 2386 hoc
448 2337 680 2384 subtlititio
727 2337 962 2384 Antonino
1000 2336 1229 2384 exstruffiae
1267 2336 1402 2395 sunt,
1438 2338 1486 2384 δι
1531 2335 1586 2382 ab

312 2411 569 2458 Alexandro
589 2409 807 2472 perfeEtae.
