1637 2785
266 155 626 203 ANTONINUS
662 155 1141 202 HEMOGABALUS.
1259 172 1345 218 245

67 275 133 311 tas
156 263 336 325 jubebat
359 261 586 320 exhiberi,
601 273 650 307 ut
674 278 758 324 pro
781 262 1031 320 nasturtiis,
1060 262 1255 326 apiastris
1273 299 1283 319 ,
1301 265 1351 313 ὅ(

63 337 332 384 sacelaribus
347 372 361 393 ,
389 337 439 384 δι
460 334 744 398 foenograeco
769 335 1002 384 exhiberet
1023 338 1166 400 plenis
1185 337 1354 387 fabata-

64 410 141 456 riis
164 412 213 458 &
242 409 392 456 discis:
421 407 549 471 quod
578 407 806 472 praecipue
831 408 1095 471 stupendum
1125 411 1202 458 est.

128 483 255 529 XX1.
285 483 430 528 Canes
466 479 740 542 jecinoribus
768 480 971 528 anserum
1004 483 1144 545 pavit.
1182 484 1352 531 Habuit

59 554 218 603 leones
251 554 574 617 &leopardos
622 565 874 601 exarmatos
908 553 953 601 in
996 555 1192 603 deliciis:
1233 574 1351 620 quos

62 630 248 678 εείοξὶος
280 646 359 692 per
391 627 740 686 mansuetarios,
769 627 917 675 subito
954 629 1010 676 ad
1040 628 1269 676 secundam
1301 632 1352 675 ὅς

61 703 237 750 tertiam
270 703 465 751 mensam
500 702 683 764 jubebat
715 703 1007 762 accumbere,
1040 703 1351 767 ignorantibus

62 778 259 834 cunffis,
289 778 415 841 quod
449 777 661 825 exarmati
687 777 852 835 effent,
881 777 936 825 ad
965 793 1183 840 pavorem
1213 777 1262 824 &
1289 775 1350 822 ri-

61 848 262 896 diculum
296 848 762 897 excitandum-Misit
793 851 844 898 &
877 866 989 898 uvas
1016 853 1269 912 Apamenas
1303 847 1349 895 in

60 924 273 988 praesepia
300 924 428 988 equis
461 924 567 972 suis:
592 927 641 972 &
668 925 861 987 psittacis
890 937 1024 988 atque
1049 923 1222 972 fasianis
1248 923 1350 970 leo-

60 1013 139 1043 nes
159 996 302 1059 pavit,
320 997 369 1045 &
385 996 472 1044 alia
491 995 697 1044 animalia
715 1014 725 1043 :
743 996 947 1043 exhibuit
962 999 1011 1045 8(
1031 994 1201 1042 sumina
1218 1007 1350 1056 apru-

56 1086 145 1132 gna
162 1085 239 1130 per
254 1068 346 1115 dies
361 1067 516 1116 decem
535 1067 704 1116 tricena
724 1068 931 1131 quotidie
945 1085 1048 1117 cum
1075 1067 1158 1114 suis
1177 1066 1349 1123 bulbis3

59 1141 204 1206 pisum
220 1158 321 1189 cum
343 1141 505 1200 aureis,
528 1142 690 1189 lentem
705 1159 805 1189 cum
819 1141 1060 1201 cerauniis,
1079 1139 1223 1188 fabam
1245 1157 1346 1189 cum

58 1212 232 1261 elearis
247 1249 261 1272 ,
287 1215 336 1262 &
361 1213 531 1261 orizam
553 1230 656 1261 cum
687 1212 798 1261 albis
821 1213 1053 1263 exhibens.
1074 1213 1211 1260 Albas
1232 1229 1345 1276 prae-

58 1300 181 1334 terea
209 1286 258 1333 in
288 1285 437 1335 vicem
468 1284 636 1349 piperis
666 1285 859 1349 piscibus
891 1287 943 1334 &
968 1285 1202 1333 tuberibus
1233 1301 1347 1333 con·

56 1359 223 1422 spersit.
255 1358 487 1422 Oppreffit
508 1358 553 1404 in
584 1357 792 1407 tricliniis
819 1358 1100 1408 versatilibus
1130 1357 1346 1422 parasitos

59 1431 162 1478 suos
185 1431 401 1480 violis&
428 1431 649 1491 floribus,
675 1430 735 1479 fic
768 1444 816 1479 ut
841 1433 1035 1479 animam
1059 1431 1198 1494 aliqui
1224 1431 1346 1478 efflei-

58 1505 238 1563 verint,
261 1521 366 1553 cum
387 1521 567 1568 erepere
586 1506 641 1552 ad
663 1505 882 1552 summum
902 1521 996 1551 non
1021 1503 1211 1567 possent.
1237 1520 1347 1551 con-

57 1577 155 1624 dito
183 1577 374 1640 piscinas
400 1578 451 1626 &
482 1577 590 1624 solia
623 1577 916 1640 temperavit,
955 1578 1006 1626 &
1034 1575 1187 1624 rosato
1211 1593 1344 1639 atque

57 1649 342 1698 abfinthiato.
363 1650 538 1716 Vulgus
555 1652 607 1698 ad
631 1651 876 1699 bibendum
906 1651 1144 1700 invitavit:
1175 1653 1225 1701 δι
1254 1652 1346 1713 ipse

57 1741 161 1772 cum
194 1725 370 1787 populo
393 1737 569 1772 tantum
607 1724 750 1783 bibit,
778 1737 828 1772 ut
860 1725 906 1772 in
939 1724 1109 1787 piscina
1136 1741 1237 1772 eum
1273 1725 1346 1771 bi-

57 1796 163 1843 bisse
189 1796 539 1860 intelligeretur,
570 1796 669 1844 viso
694 1796 819 1859 quod
847 1812 962 1843 unus
982 1795 1166 1843 bibisset.
1190 1797 1343 1843 Eunu-

55 1869 166 1917 chos
185 1885 268 1931 pro
287 1868 581 1932 apophoretis
605 1868 748 1917 dedit:
765 1869 884 1916 dedit
902 1869 1164 1934 quadrigas,
1181 1885 1342 1932 equos,

56 1943 244 1999 stratos,
270 1942 445 2001 mulos,
474 1940 698 1989 basternas
737 1944 785 1991 &
816 1941 999 1990 rhedas:
1030 1942 1150 1990 dedit
1181 1944 1231 1991 δι
1262 1959 1342 1990 au-

54 2029 156 2061 reos
178 2014 414 2073 millenos,
443 2015 494 2063 &
526 2028 713 2064 centena
740 2016 898 2078 pondo
929 2014 1117 2080 argenti.

119 2087 267 2134 XXII.
296 2087 447 2136 Sortes
474 2087 574 2137 sane
609 2088 875 2138 convivales
905 2088 1089 2154 scriptas
1121 2088 1167 2136 in
1200 2089 1341 2138 coch-

53 2158 247 2207 learibus
272 2161 428 2209 habuit
449 2162 579 2221 tales,
608 2175 656 2210 ut
689 2163 800 2211 alius
828 2163 1060 2212 exhiberet
1089 2163 1241 2212 decem
1265 2181 1338 2212 ca-

52 2231 225 2290 melos,
255 2233 364 2280 alius
392 2234 542 2283 decem
571 2236 768 2295 muscas,
788 2236 899 2285 alius
925 2237 1078 2286 decem
1103 2237 1238 2284 libras
1263 2254 1339 2284 au·

53 2303 122 2361 ri,
154 2304 264 2352 alius
293 2305 446 2353 decern
477 2307 675 2370 plumbi,
710 2309 820 2358 alius
850 2310 1002 2358 decem
1035 2309 1335 2367 struthiones,

53 2376 162 2424 alius
191 2377 344 2425 decem
373 2395 464 2426 ova
495 2380 696 2442 pullina,
723 2395 773 2429 ut
799 2399 906 2430 vere
932 2383 1070 2430 sortes
1097 2382 1264 2440 essent,
1285 2385 1334 2431 &

55 2447 142 2498 fata
170 2462 471 2499 tentarentur:
499 2454 626 2518 quod
657 2453 839 2519 quidem
871 2457 919 2504 &
948 2455 1062 2503 ludis
1096 2455 1181 2503 suis
1207 2455 1334 2505 exhi-

966 2529 1072 2592 Q3
