1637 2785
252 174 314 219 M.
362 169 538 218 ANT.
587 169 1178 217 PHILOSOPHUS.
1301 185 1355 232 59

77 277 270 325 diciariae
302 276 363 322 rei
386 275 646 338 singularem
680 275 951 338 diligentiam
984 275 1206 322 adhibuit:
1240 274 1358 322 fastis

77 349 169 395 dies
209 347 464 408 judiciarios
501 347 695 404 addidit,
728 347 788 392 ita
827 358 876 392 ut
917 347 1137 395 ducentos
1177 349 1359 411 triginta

76 421 168 466 dies
198 435 370 466 annuos
405 420 535 466 rebus
564 419 743 482 agendis
783 419 1021 482 litibusque
1062 421 1361 482 disceptandis

0 538 2 545 ,
76 490 383 538 constitueret.
402 491 646 536 Praetorem
665 491 896 537 tutelarem
918 491 1085 553 primus
1104 492 1235 549 fecit,
1255 512 1360 542 cum

76 575 176 610 ante
203 574 373 608 tutores
397 579 420 608 a
450 562 722 610 Consulibus
754 562 1063 625 poscerentur:
1100 577 1148 609 ut
1176 565 1361 627 diligen·

75 636 162 682 tius
194 635 247 681 de
272 636 497 682 tutoribus
536 637 803 684 trailaretur.
837 637 910 683 De
945 638 1232 685 curatoribus
1275 656 1361 685 ve-

77 723 163 766 ro,
185 724 285 754 curn
317 723 417 754 ante
447 724 540 755 non
577 708 656 755 nisi
683 725 734 754 ex
765 708 861 772 lege
891 710 1080 755 Laetoria
1099 745 1111 766 ‚
1146 710 1217 756 vel
1254 727 1360 771 pro-

76 794 175 843 pter
208 781 467 839 lasciviam,
496 782 572 828 vel
604 795 790 844 propter
821 782 1087 829 dementiam
1122 783 1363 841 darentur,

76 856 137 902 ita
169 855 342 913 statuit,
380 868 428 902 ut
457 872 615 905 omnes
650 856 790 904 adulti
823 869 1050 905 curatores
1075 857 1360 920 acciperent,

76 946 169 976 non
192 930 372 980 redditis
393 931 545 979 causis.

163 1003 244 1049 XI.
280 1002 416 1049 Cavit
452 1004 501 1050 &
537 1001 752 1049 sumtibus
789 1002 1006 1065 publicis,
1040 1002 1088 1048 δι
1129 999 1364 1048 calumniis

77 1075 474 1136 quadruplatorum
494 1073 759 1132 interceffit,
779 1075 976 1136 apposita
1006 1072 1120 1119 falfis
1149 1072 1365 1124 delatori-q

79 1150 160 1194 bus
185 1161 306 1195 nota.
328 1148 618 1208 Delationes,
635 1149 800 1212 quibus
819 1147 946 1195 fiscus
967 1158 1229 1210 augeretur,
1248 1161 1365 1193 con-

79 1220 235 1266 temsit.
266 1221 340 1267 De
366 1220 587 1267 alimentis
621 1220 811 1282 publicis
839 1219 977 1266 multa
1014 1219 1256 1281 prudenter
1292 1217 1366 1265 in-¹

79 1295 220 1342 venit.
247 1297 493 1343 Curatores
518 1296 671 1343 multis
696 1295 979 1353 civitatibus,
1001 1311 1094 1358 quo
1124 1294 1253 1341 latius
1290 1293 1365 1341 se-'

76 1366 273 1413 natorias
294 1366 496 1413 tenderet
533 1366 797 1431 dignitates,
829 1384 853 1414 e
884 1368 1044 1414 Senatu
1076 1366 1210 1414 dedit.
1241 1367 1366 1414 Itali-s

60 1431 140 1485 'cis
167 1438 426 1485 civitatibus
457 1437 585 1485 famis
610 1453 815 1501 tempore
845 1439 1118 1485 frumentum
1150 1456 1206 1485 ex
1234 1440 1364 1485 Urbe

77 1510 293 1557 donavit:
325 1510 540 1574 omnique
568 1510 875 1558 frumentaria:
901 1512 962 1558 rei
984 1510 1225 1559 consuluit.
1247 1511 1364 1556 Gla-

77 1584 266 1630 diatoria
303 1583 546 1644 spectacula
579 1583 864 1630 omnifariam
901 1583 1184 1645 temperavit.
1219 1583 1363 1629 Tem-

78 1655 258 1717 peravit
280 1654 410 1701 etiam
436 1654 630 1702 scenicas
652 1655 920 1702 donationes
937 1690 951 1713 ,
974 1654 1159 1716 jubens,
1182 1667 1232 1701 ut
1261 1655 1363 1717 qui-

78 1744 166 1774 nos
198 1744 357 1776 aureos
383 1727 545 1775 scenici
578 1727 862 1789 acciperent,
889 1727 950 1774 ita
979 1740 1125 1775 tamen
1142 1763 1155 1785 ,
1182 1740 1231 1773 ut
1258 1727 1362 1774 nul-

77 1801 145 1848 lus
161 1801 306 1848 editor
323 1802 475 1848 decem
493 1817 652 1847 aureos
677 1802 970 1864 egrederetur.
989 1802 1095 1848 Vias
1114 1800 1244 1847 etiarn
1269 1804 1364 1852 Ura,

77 1874 146 1920 bis
169 1886 300 1937 atque
329 1874 539 1921 itinerum
561 1874 891 1938 diligentiffime
925 1874 1116 1923 curavit.
1149 1876 1233 1922 Rei
1263 1875 1365 1921 frua

77 1949 306 1996 mentariae
338 1948 533 2012 graviter
562 1948 777 2011 providit.
812 1947 945 1995 Datis
967 1948 1189 2010 juridicis,
1220 1949 1361 1995 Italiae

79 2021 326 2078 consuluit,
348 2023 401 2067 ad
426 2022 472 2068 id
496 2022 748 2084 exemplum
764 2057 777 2078 ‚
801 2038 893 2085 quo
918 2022 1168 2068 Hadrianus
1192 2021 1363 2070 consus*

78 2095 190 2142 lares
216 2096 342 2143 viros
374 2097 557 2144 reddere
582 2096 677 2157 jura
704 2110 989 2159 praeceperat.
1020 2095 1246 2159 Hispaniis
1275 2112 1359 2141 ex-

78 2167 242 2215 haustis
255 2204 269 2226 ,
286 2169 435 2227 Italica
454 2169 711 2227 alletffione,
728 2172 886 2216 contra
904 2168 1084 2229 Traiani
1106 2179 1327 2230 praecepta
1341 2178 1364 2225 ,'

79 2244 333 2288 verecunde
357 2244 599 2291 consuluit.
626 2247 762 2306 Leges
787 2243 916 2290 etiarn
950 2242 1121 2289 addidit
1150 2242 1204 2287 de
1235 2241 1360 2288 vice-

78 2314 182 2360 fima
212 2315 534 2375 hereditatum,
567 2317 620 2363 de
644 2316 793 2364 tutelis
816 2317 1078 2364 libertorum
1097 2350 1110 2372 ‚
1139 2313 1193 2359 de
1222 2312 1363 2360 bonis

79 2387 319 2444 maternis,
348 2389 398 2435 &
434 2388 539 2435 item
571 2389 625 2435 de
658 2387 853 2434 filiorum
891 2384 1238 2455 successionibus
1269 2400 1357 2446 pro

77 2472 202 2524 parte
233 2474 456 2518 materna;
480 2476 616 2525 utque
649 2461 874 2510 senatores
901 2457 1126 2525 peregrini
1155 2469 1356 2522 quartam
