1714 2807
316 136 386 187 :40
563 125 781 173 TULII
826 123 1338 173 CAPITOLINI

321 232 493 288 latum,
520 231 650 280 brevi
681 247 925 294 exponam.
955 233 1164 280 Omnino
1193 233 1448 298 exemplum
1483 235 1613 284 sena:

319 304 591 352 tusconsulti
615 305 744 353 taciti
777 322 873 353 non
905 306 1024 354 aliud
1054 307 1116 354 est
1144 308 1308 366 hodie,
1333 324 1466 370 quam
1486 309 1612 372 quod

320 376 470 424 vestra
499 377 779 435 Clementia,
807 380 1078 427 convocatis
1107 382 1161 428 ad
1194 381 1408 428 interiora
1427 381 1614 440 majori·-

321 447 433 505 bus,
466 465 516 495 ea
551 449 772 513 disponit,
803 468 905 514 quae
934 468 1029 500 non
1072 451 1172 499 sunt
1207 453 1420 500 omnibus
1460 453 1614 516 publi·

321 520 494 569 canda:
523 522 578 568 de
605 522 766 585 quibus
804 522 1008 584 adjurare
1043 524 1176 587 etiam
1210 523 1390 582 soletis,
1427 541 1484 571 ne
1512 524 1615 587 quis

322 606 427 641 ante
461 611 552 641 rem
588 595 859 657 completam
886 596 1133 658 quidquam
1155 597 1229 644 vel
1250 598 1424 654 audiat,
1446 598 1521 645 vel
1543 596 1614 643 in-

321 667 511 730 telligat.
547 670 681 716 Hunc
708 681 853 715 antem
892 685 1066 716 morem
1104 671 1223 732 apud
1257 684 1430 719 veteres
1463 673 1616 720 neces·-

323 740 471 788 fitates
505 742 696 801 publicae
738 754 999 802 repererunt
1020 777 1033 798 ‚
1066 755 1116 788 ut
1152 742 1181 788 fi
1214 741 1333 789 forte
1364 743 1513 807 aliqua
1547 743 1617 790 vis

323 813 380 859 ab
416 813 614 859 hostibus
644 812 932 871 immineret,
967 831 1070 876 quae
1106 814 1182 862 vel
1218 827 1399 877 cogeret
1430 815 1618 862 humilia

325 900 506 949 captare
538 887 752 946 consilia,
779 888 853 935 vel
887 888 1032 952 aliqua
1066 887 1363 947 constituere,
1398 906 1497 951 quae
1520 904 1618 935 non

325 960 452 1024 prius
472 974 703 1022 oporteret
725 960 839 1020 dici,
863 978 996 1024 quam
1027 961 1143 1008 effici
1162 996 1176 1018 ,
1203 961 1277 1007 vel
1305 961 1335 1008 fi
1365 960 1539 1009 nollent
1563 960 1620 1008 ad

327 1033 502 1081 amicos
536 1034 683 1097 aliqua
717 1052 977 1097 permanare
999 1071 1013 1091 ,
1043 1035 1473 1082 senatusconsultum
1507 1033 1621 1097 taci-

328 1119 428 1155 tum
460 1107 616 1156 fieret:
643 1109 702 1155 ita
729 1123 777 1155 ut
807 1126 903 1157 non
935 1108 1089 1157 scribae
1107 1145 1122 1165 ,
1147 1126 1240 1156 non
1273 1109 1387 1157 servi
1415 1107 1622 1171 publici,

327 1199 429 1229 non
474 1182 700 1230 censuales
739 1184 827 1230 illis
857 1184 1024 1230 actibus
1061 1183 1348 1240 intereffent3
1385 1184 1622 1230 Senatores

329 1254 593 1316 exciperent
613 1291 626 1312 ‚
660 1256 897 1303 Senatores
927 1256 1134 1302 omnium
1171 1257 1320 1303 officia
1348 1254 1621 1303 censualium

331 1325 666 1389 scribarumque
689 1329 1001 1389 complerent,
1031 1346 1084 1374 ne
1118 1329 1224 1391 quid
1259 1328 1378 1375 forte
1402 1328 1624 1391 prodere·

333 1409 422 1446 tur.
459 1401 635 1446 Factum
658 1400 719 1447 est
745 1418 853 1464 ergo
888 1400 1315 1448 senatusconsultum
1337 1402 1548 1462 tacitum,
1566 1416 1623 1449 ne
1683 1452 1685 1454 ,

333 1487 407 1519 res
442 1472 494 1518 ad
530 1473 826 1519 Maximinum
859 1474 1128 1535 perveniret.

402 1546 525 1593 XIII.
548 1548 632 1593 Sed
648 1546 791 1593 statim
816 1547 891 1594 ille
910 1546 982 1611 (ut
1000 1548 1042 1594 se
1057 1547 1220 1594 habent
1238 1546 1473 1595 hominum
1494 1560 1625 1598 men-⁵,

334 1630 428 1677 τες,
454 1636 612 1666 eorum
643 1620 901 1678 dumtaxat,
938 1622 1015 1684 qui
1048 1621 1339 1680 erubescunt,
1373 1638 1452 1683 per
1492 1620 1533 1669 se
1571 1637 1625 1669 ea

335 1710 436 1741 non
468 1694 687 1758 agnosci,
717 1711 817 1758 quae
851 1695 1027 1753 sciunt,
1057 1697 1105 1742 &
1139 1694 1216 1757 qui
1247 1693 1434 1740 humiles
1467 1691 1509 1738 se
1541 1708 1628 1754 pu-

338 1776 455 1823 tant,
471 1767 499 1812 fi
516 1768 744 1815 commiffa
765 1785 859 1816 non
878 1767 1098 1831 prodant)
1118 1765 1271 1814 omnia
1285 1766 1508 1829 comperit
1524 1768 1630 1812 Ma-

272 1889 273 1892 *
335 1839 561 1897 ximinus,
582 1840 641 1887 ita
660 1854 709 1887 ut
733 1842 987 1904 exemplum
1011 1839 1379 1888 senatusconsulti
1402 1837 1525 1885 taciti
1548 1853 1627 1884 ac·-

338 1911 536 1973 ciperet,
561 1915 685 1977 quod
713 1931 942 1976 nunquam
967 1926 1068 1960 ante
1092 1911 1235 1959 fuerat
1259 1911 1518 1958 factitatum.
1537 1911 1627 1957 Ex-

338 1983 424 2033 stat
447 1986 641 2049 denique
675 1986 769 2045 ejus
800 1986 987 2048 epistola
1020 1986 1074 2032 ad
1106 1984 1363 2031 Praefeclum
1394 1983 1530 2030 Unbis
1557 1995 1626 2030 ta-

338 2056 418 2105 lis:
443 2063 477 2104 S
480 2062 862 2120 enatuscotqsitltmtz
881 2063 1052 2106 tacitum
1072 2060 1284 2126 vestrorum
1310 2061 1472 2103 illorum
1499 2059 1627 2104 Prin·

339 2133 482 2193 cipum
511 2136 612 2196 legi,
635 2137 747 2195 quod
779 2149 823 2178 eu
838 2168 847 2186 ‚
869 2133 1089 2192 Praejkb‘t'us
1115 2134 1204 2178 urbi
1218 2167 1233 2189 ,
1246 2131 1413 2190 fac‘lum
1436 2129 1510 2193 effi
1522 2129 1625 2188 for-2

340 2204 445 2268 taff'e
475 2226 559 2252 non
591 2208 719 2274 nosti:
744 2226 844 2252 nam
875 2225 946 2253 nec
975 2206 1213 2272 interfieistt':
1244 2205 1366 2261 cujus
1394 2207 1628 2263 exemplum

341 2282 403 2327 ad
421 2294 457 2325 te
475 2279 571 2342 mfi
585 2315 598 2336 ,
613 2281 793 2340 ucfiires
811 2315 823 2336 ,
847 2283 1049 2340 quomodo
1069 2282 1309 2324 Romanam
1337 2278 1625 2338 rempublicam

341 2369 501 2411 regeres.
529 2351 733 2397 Euat-rari
755 2363 900 2396 autern
928 2367 1020 2396 non
1044 2351 1189 2413 potest
1207 2367 1336 2413 ,quae
1368 2348 1624 2397 commotio

303 2471 309 2480 ,
342 2422 474 2473 fuerit
489 2425 750 2485 Maximini,
764 2441 865 2475 cum
883 2425 1078 2486 audivit,
1098 2438 1259 2475 contra
1277 2424 1318 2473 se
1336 2422 1535 2473 Africam
1549 2422 1624 2470 de·
