1637 2785
1282 137 1373 187 229

271 369 512 439 AELII
568 369 1196 442 LAMPRIDII

90 559 164 632 A
243 556 316 632 N
399 558 469 632 T
554 557 629 632 O
713 558 785 632 N
870 560 904 633 I
995 559 1069 634 N
1158 561 1234 637 U
1319 563 1366 637 S

262 747 1175 826 HELIOGABALUS

679 922 779 962 AD*

299 1053 918 1111 CONSTANTINUM
961 1060 1130 1110 AUG.

80 1403 114 1447 l,
149 1353 375 1443 VITAM
405 1391 682 1456 Heliogabali
702 1394 1036 1459 Antonini‚qui
1058 1397 1359 1447 Variusetiam

81 1474 223 1518 ‹lifilus
252 1470 341 1527 est,
383 1484 607 1530 nunquam
641 1467 686 1515 in
720 1469 869 1515 literas
903 1470 1131 1530 mififfem,
1167 1489 1223 1518 ne
1259 1473 1358 1535 quis

79 1545 203 1592 fuiffe
223 1545 536 1590 Romanorum
568 1540 820 1604 Principem
850 1541 1004 1601 sciret,
1034 1544 1113 1590 nifi
1142 1559 1244 1592 ante
1267 1548 1357 1593 Ca-

77 1617 258 1681 ligulas,
290 1617 339 1662 &
377 1615 608 1671 Nerones,
643 1615 693 1661 &
729 1614 964 1674 Vitellios,
997 1618 1086 1664 hoc
1120 1618 1237 1665 idem
1277 1619 1358 1666 ha-

79 1689 238 1736 buiffet
273 1686 520 1748 imperium.
556 1686 638 1732 Sed
669 1702 772 1732 cum
804 1688 955 1733 eadem
985 1700 1097 1735 terra
1127 1691 1177 1736 δε
1215 1706 1358 1737 vene-

81 1779 135 1809 na
169 1760 279 1807 ferat
310 1760 359 1806 &
390 1757 693 1816 frumentum,
726 1770 858 1821 atque
891 1759 977 1806 alia
1007 1759 1239 1820 salutaria,
1271 1762 1357 1810 alia

79 1833 334 1890 contraria,
360 1832 511 1878 eadem
545 1831 765 1894 serpentes
796 1835 846 1880 &
875 1833 1104 1893 ciconias,
1136 1851 1356 1899 compen-

76 1908 293 1955 sationem
319 1906 398 1951 fibi
423 1905 561 1953 leelor
584 1905 771 1968 diligens
788 1905 947 1964 faciet,
965 1923 1066 1954 cum
1086 1908 1240 1972 legerit
1262 1915 1356 1956 Au·

75 1979 247 2043 gustum
264 2014 276 2034 ,
301 1976 639 2039 Vespasianum,
669 1977 852 2036 Titum,
875 1977 1144 2038 Traianum,
1168 1980 1356 2028 Hadria-

79 2070 187 2098 num
204 2087 217 2109 ,
243 2051 395 2108 Pium,
424 2051 624 2097 Marcum
641 2086 653 2108 ,
677 2064 835 2097 contra
856 2052 941 2098 hos
966 2052 1250 2116 prodigiosos
1274 2064 1355 2116 ty-

76 2139 244 2170 rannos
267 2122 422 2168 :fimul
441 2122 658 2185 intelliget
680 2124 995 2170 Romanorum
1017 2123 1210 2184 judicia,
1230 2125 1356 2186 quod

76 2195 142 2241 illi
161 2197 208 2242 ὅ(
229 2193 304 2240 diu
326 2194 626 2255 imperarunt,
648 2196 697 2243 ἐξ
717 2195 837 2242 exitu
857 2196 1049 2242 naturali
1073 2196 1211 2243 funffi
1233 2197 1354 2255 sum3

77 2267 125 2313 hi
159 2282 270 2313 vero
295 2265 534 2324 interfeffi,
566 2268 718 2324 traili,
744 2268 928 2331 tyfflnni
956 2268 1088 2315 etiam
1119 2268 1355 2329 appellati,

77 2357 273 2404 quorum
297 2357 377 2387 nec
400 2340 584 2386 nomina
602 2340 711 2386 libet
730 2342 888 2388 dicere.
915 2342 1054 2405 Igitur
1075 2342 1228 2388 occiso
1253 2344 1352 2389 Ma-

77 2415 237 2475 crino,
266 2414 445 2478 ejusque
477 2411 574 2462 filio
604 2414 923 2476 Diadumeno,
959 2415 1068 2478 qui,
1099 2415 1193 2479 pari
1225 2430 1358 2481 pote-
