1637 2785
247 161 761 208 ALEXANDER
815 163 1183 212 SEVERUS.
1284 179 1368 228 301

101 269 218 333 giffe.
247 271 370 333 quod
395 283 552 318 contra
582 271 826 317 multorum
854 271 1119 334 opinionem
1150 272 1259 332 dici,
1281 290 1377 321 non

103 344 287 390 dubium
312 342 373 390 est
398 344 451 390 iis
467 379 479 400 ,
504 343 582 405 qui
606 342 823 404 plurimos
844 343 1045 406 legerint.
1069 362 1170 392 nam
1192 346 1240 393 &
1269 346 1379 392 ami-

102 417 194 464 siffe
219 418 343 464 illum
365 417 610 464 exercitum
631 416 785 464 dicunt
804 416 945 474 fame,
969 418 1164 480 frigore,
1188 436 1238 467 ac
1257 437 1379 467 mor-

101 491 163 537 bo
177 525 188 546 ,
213 504 258 537 ut
275 490 558 536 Herodianus
578 491 731 537 auflor
757 489 818 536 est
837 504 993 537 contra
1014 492 1258 539 multorum
1278 494 1378 556 opi-

102 563 302 610 nionem.
328 562 430 609 Post
455 563 546 610 hoc
567 579 666 611 cum
691 562 861 626 ingenti
882 564 1053 627 gloria,
1076 566 1125 611 &
1152 565 1378 612 comitan-

101 647 145 681 te
177 637 367 693 Senatu,
393 636 581 699 equestri
619 636 809 695 ordine,
846 649 980 699 atque
1014 637 1141 683 omni
1171 639 1379 700 populo,

101 707 465 772 circumfusisque
497 709 695 772 undique
729 708 991 758 mulieribus
1030 711 1076 757 &
1109 710 1378 769 infantibus,

101 779 294 826 maxime
323 780 514 826 militum
544 780 840 844 conjugibus,
866 782 999 844 pedes
1026 782 1239 830 Palatium
1269 799 1381 830 con·

102 849 270 898 scendit
295 878 308 910 ,-
354 869 455 899 cum
508 866 630 900 retro
681 870 833 900 currus
879 854 1159 917 triumphalis
1205 873 1228 903 a
1269 873 1380 919 qua-

102 935 207 968 tuor
229 924 475 985 elephantis
501 927 760 974 traheretur.
787 927 1041 973 Levabatur
1061 927 1266 974 manibus
1293 929 1382 975 ho-

101 993 273 1042 minum
305 997 586 1055 Alexander,
620 1000 785 1062 vixque
815 999 879 1045 illi
909 1016 987 1061 per
1016 1000 1151 1046 horas
1182 1014 1381 1063 quatuor

102 1069 326 1116 ambulare
347 1072 596 1133 permissum
618 1073 705 1127 est,
725 1073 921 1135 undique
948 1073 1158 1119 omnibus
1186 1074 1384 1121 claman-

102 1143 248 1201 tibus,
278 1150 411 1192 Salva
442 1150 601 1199 Roma,
628 1151 725 1207 quia
741 1147 889 1207 sulvus
917 1147 970 1212 «3st
995 1149 1251 1194 Alexander.
1283 1148 1384 1193 Alia

103 1217 175 1263 die
196 1218 299 1265 aclis
323 1220 632 1278 Circenfibus,
661 1222 710 1268 &
734 1221 839 1266 item
868 1220 983 1267 ludis
1013 1220 1218 1278 scenicis,
1254 1221 1384 1267 dein-

103 1307 209 1354 ceps
242 1293 519 1355 congiarium
557 1294 733 1356 populo
768 1295 982 1340 Romano
1028 1294 1164 1342 dedit.
1212 1294 1383 1342 Puellas

101 1365 152 1411 &
178 1381 370 1427 pueros,
396 1367 771 1427 quemadmodum
791 1366 1051 1414 Antoninus
1083 1368 1382 1416 Faustinianas

104 1437 346 1486 instituerat
362 1476 375 1497 ‚
396 1442 711 1488 Mammaeanas
735 1442 784 1488 &
806 1444 1129 1488 Mammaeanos
1148 1442 1350 1489 instituit.

169 1513 323 1559 LVIII.
353 1514 473 1559 Aftae
508 1513 604 1559 sunt
632 1529 701 1560 res
734 1513 921 1560 feliciter
953 1517 1000 1560 &
1032 1514 1078 1559 in
1116 1513 1384 1560 Mauritania

103 1584 344 1647 Tingitana
377 1603 454 1647 per
487 1586 662 1632 Furium
699 1587 901 1643 Celsum,
935 1588 983 1634 &
1013 1585 1060 1631 in
1090 1586 1275 1649 Illyrico
1306 1604 1384 1650 per

106 1659 292 1704 Varium
314 1658 565 1705 Macrinum
584 1658 761 1704 affinem
792 1655 911 1716 ejus,
935 1656 1048 1703 &in
1074 1658 1281 1704 Armenia
1308 1675 1385 1721 per

104 1733 283 1778 Junium
313 1732 588 1788 Palmatum·,
614 1745 747 1795 atque
777 1748 831 1778 ex
860 1731 1071 1777 omnibus
1102 1732 1213 1778 locis
1244 1733 1283 1778 ei
1316 1746 1384 1779 ta-

106 1804 232 1850 bellae
262 1805 466 1851 laureatae
500 1804 598 1850 sunt
637 1804 816 1861 delatae,
850 1803 1011 1866 quibus
1048 1804 1094 1850 in
1130 1806 1296 1852 Senatu
1334 1807 1382 1854 δέ

104 1879 224 1938 apud
252 1878 470 1939 populum
504 1878 650 1935 lenis,
688 1879 896 1924 omnibus
924 1878 1185 1926 nominibus
1216 1879 1277 1925 est
1305 1879 1383 1925 ad-

106 1962 305 1997 ornatus.
323 1950 402 1998 His
426 1967 537 1997 vero
551 1987 565 2010 ‚
585 1951 659 2014 qui
678 1951 999 2013 rempublicam
1020 1952 1133 1998 bene
1152 1951 1384 2013 gesserant,

108 2023 372 2070 Consularia
405 2039 670 2072 ornamenta
698 2027 871 2073 decreta
903 2025 1027 2084 sunt,
1057 2026 1215 2072 additis
1249 2026 1382 2074 etiam

106 2095 362 2141 sacerdotiis
384 2098 433 2143 &
464 2114 671 2160 agrorum
695 2098 1034 2159 poffeffionibus
1059 2097 1135 2154 iis,
1156 2097 1232 2159 qui
1258 2110 1383 2144 erant

107 2185 348 2231 pauperes,
371 2171 422 2217 &
440 2187 544 2216 aevo
566 2172 651 2232 jam
678 2188 845 2235 graves.
866 2172 1086 2232 Captivos
1110 2171 1382 2218 diversarum

106 2244 344 2290 nationum
371 2245 525 2292 amicis
558 2247 776 2304 donavit,
805 2247 833 2292 fi
868 2260 968 2292 aetas
993 2246 1175 2309 puerilis
1207 2258 1283 2291 aut
1309 2244 1383 2304 ju·

108 2316 272 2363 venilis
302 2317 505 2379 permisit.
533 2318 577 2365 si
605 2319 684 2382 qui
711 2333 857 2364 tamen
887 2319 994 2383 regii
1024 2331 1098 2364 aut
1132 2317 1382 2364 nobiliores

108 2387 315 2445 fuerunt,
340 2407 418 2437 eos
445 2391 641 2449 militiae,
676 2408 768 2451 non
793 2407 942 2438 tamen
974 2409 1170 2454 magnae,
1196 2391 1382 2453 deputa-

111 2460 191 2510 vit.
219 2462 346 2525 Sola,
370 2479 468 2527 quae
505 2464 558 2512 de
588 2464 788 2513 hostibus
824 2478 950 2528 capta
981 2464 1112 2526 sunt,
1143 2463 1381 2517 limitaneis
