1637 2785
275 122 647 176 'ANTONtNUS
685 124 1166 174 HELIOGABALUS.
1277 140 1366 190 ²3¹

81 248 185 284 reos
212 235 481 283 formaveris
506 269 519 293 ,
551 234 769 297 adoptans
796 233 983 281 virtutes
1010 246 1214 281 veterum
1235 267 1250 291 ,
1283 231 1375 280 tuis

80 308 286 354 moribus
313 319 639 369 congruentes,
658 308 705 353 &
733 306 815 352 tibi
847 306 1007 352 amicas
1041 305 1261 368 carasque.

147 383 221 427 111.
252 379 336 426 Sed
367 391 414 425 ut
442 378 498 425 ad
529 377 810 426 Antoninum
842 377 1029 424 Varium
1059 384 1368 434 revertamur,=

80 452 230 499 naflus
262 450 499 512 imperium
529 449 723 498 Romam
752 448 936 496 nuntios
957 447 1071 495 misit
1096 466 1108 495 :
1139 447 1368 494 excitatis-

79 541 169 588 que
199 523 409 570 omnibus
448 522 682 570 ordinibus
706 558 719 581 ,
756 521 885 569 omni
920 522 1051 568 etiam
1097 522 1273 582 populo
1307 521 1366 567 ad

77 613 247 644 nomen
277 596 561 642 Antoninum
582 632 595 654 ‚
619 595 744 659 quod
773 611 866 642 non
890 593 1032 640 solum
1064 593 1227 651 titulo,
1248 593 1363 639 utin

75 670 368 716 Diadumeno
395 668 539 715 fuerat
554 705 568 726 ,
588 668 660 715 sed
680 668 811 716 etiam
832 668 877 714 in
907 666 1117 730 sanguine
1138 666 1360 713 redditum

76 741 346 797 videbatur,
369 756 470 787 cum
500 740 540 786 se
570 739 852 787 Antoninum
881 738 1063 786 Baffiani
1094 736 1232 783 filium
1255 736 1359 782 scri-

74 813 245 875 pfiffet,
270 813 424 876 ingens
447 812 542 874 ejus
563 813 824 860 desiderium
846 813 1007 859 facium
1025 812 1097 858 est.
1117 812 1220 857 Erat
1241 827 1360 872 prae-

73 900 194 934 terea
224 887 353 933 etiam
380 905 559 944 rumor,
585 888 663 951 qui
695 888 833 934 novis
858 886 957 950 post
984 901 1208 950 tyrannos
1248 884 1359 930 solet

72 961 232 1008 donari
263 962 574 1024 Principibus:
604 962 680 1027 qui
708 962 787 1008 nifi
816 979 868 1008 ex
901 960 1078 1007 summis
1114 959 1360 1005 virtutibus

71 1051 167 1080 non
197 1048 447 1096 permanet,
470 1037 519 1083 ὃ(
543 1053 673 1099 quem
704 1035 834 1082 multi
854 1035 1099 1082 mediocres
1127 1031 1356 1092 Principes

67 1107 318 1155 amiserunt.
347 1110 555 1170 Denique
582 1110 658 1156 ub'i
684 1110 729 1155 in
751 1111 915 1156 Senatu
942 1108 1064 1154 lectae
1087 1107 1182 1152 sunt
1213 1106 1354 1150 literae

66 1181 376 1244 Heliogabali,
403 1183 544 1229 statim
576 1183 713 1229 fausta
745 1185 791 1229 in
828 1182 1109 1228 Antoninum
1130 1215 1144 1238 ‚
1179 1181 1226 1226 &
1259 1179 1356 1224 dira

68 1252 116 1300 in
147 1254 398 1300 Macrinum
423 1255 604 1319 ejusque
626 1254 765 1302 filium
796 1256 907 1302 dicta
933 1255 1059 1310 sunt,
1086 1249 1353 1315 appellatus-

65 1342 155 1387 que
190 1327 448 1373 Antoninus
484 1328 694 1392 Princeps
715 1365 729 1386 ,
767 1329 1030 1378 volentibus
1061 1325 1262 1382 cunetis,
1300 1325 1350 1370 &

64 1397 256 1445 studiose
287 1400 566 1447 credentibus
581 1437 592 1459 ‚
614 1418 662 1448 ut
692 1403 777 1449 sese
797 1403 960 1449 habent
983 1415 1091 1448 vota
1110 1399 1349 1447 hominum

63 1473 120 1518 ad
147 1472 454 1519 credulitatem
481 1472 785 1520 festinantium
806 1509 819 1529 ‚
849 1490 952 1520 cum
969 1509 982 1530 ,
1010 1472 1133 1535 quod
1156 1483 1316 1532 optant
1332 1505 1353 1527 ,

65 1561 222 1590 verum
246 1544 329 1591 effe
355 1545 615 1593 desiderant.
635 1546 717 1592 Sed
742 1546 816 1592 ubi
843 1546 1034 1607 primum
1058 1544 1268 1607 ingreffus
1287 1543 1349 1590 est

62 1617 232 1663 Urbem
251 1653 263 1674 ‚
280 1617 446 1664 omiffis
473 1617 552 1675 iis,
575 1635 674 1680 quae
705 1619 750 1665 in
778 1618 1018 1682 provincia
1047 1617 1311 1681 gerebantur
1327 1654 1344 1678 ,

62 1687 407 1751 Heliogabalum
438 1689 486 1735 in
513 1691 713 1737 Palatino
735 1703 891 1738 monte
920 1689 1043 1750 juxta
1064 1690 1177 1736 aedes
1199 1689 1345 1752 impe-

60 1762 249 1809 ratorias
278 1762 562 1811 consecravit
578 1801 592 1820 ‚
611 1764 740 1827 eique
768 1765 982 1826 templum
1014 1763 1146 1821 fecit,
1166 1763 1345 1811 studens

57 1835 109 1882 ὅ(
131 1834 283 1882 Matris
300 1852 462 1900 typum
476 1872 490 1893 ‚
511 1838 559 1884 &
578 1837 722 1883 Vestae
740 1837 886 1900 ignem
901 1872 913 1893 ,
934 1837 983 1884 &
1002 1835 1267 1893 Palladium,
1291 1838 1343 1884 &

58 1905 218 1951 ancilia
232 1941 245 1960 ,
259 1908 308 1954 &
327 1907 478 1954 omnia
490 1907 708 1955 Romanis
729 1908 983 1955 veneranda
1003 1909 1051 1955 in
1075 1907 1183 1953 illud
1204 1908 1342 1955 trans-

56 1975 171 2023 ferre
183 1979 396 2039 templum
410 2014 424 2038 ‚
442 1980 545 2028 &id
558 1996 690 2043 agens
705 2017 719 2036 ‚
738 1998 793 2027 ne
811 1980 909 2044 quis
931 1981 1091 2027 Romae
1105 1979 1233 2026 Deus
1249 2016 1264 2038 ‚
1282 1979 1343 2027 ni=

56 2047 90 2093 fi
107 2047 436 2112 Heliogabalus,
449 2051 685 2099 coleretur.
701 2052 895 2099 Dicebat
910 2064 1120 2115 praeterea
1134 2088 1145 2106 ‚
1158 2052 1341 2099 Judaeo-

54 2137 152 2167 rum
181 2122 230 2169 &
255 2123 631 2172 Samaritanorum
656 2125 897 2190 religiones
914 2160 927 2182 ,
965 2127 1014 2174 &
1040 2125 1340 2173 Christianam

53 2194 351 2241 devotionem
386 2196 492 2244 illuc
517 2197 868 2246 transferendam
888 2234 901 2256 ‚
931 2211 981 2246 ut
1012 2197 1214 2244 omnium
1235 2198 1338 2245 cul-

53 2279 253 2315 turarum
279 2267 492 2316 secretum
514 2271 797 2336 Heliogabali
825 2271 1119 2319 sacerdotium
1149 2282 1340 2335 teneret.

118 2343 193 2388 IV.
230 2343 410 2389 Deinde
447 2343 524 2390 ubi
547 2345 740 2406 primum
783 2345 898 2392 diem
930 2346 1115 2391 Senatus
1139 2344 1294 2391 habuit
1317 2379 1336 2404 ,

51 2426 235 2463 matrem
273 2414 394 2464 suam
423 2414 471 2464 in
499 2417 707 2467 Senatum
733 2418 883 2483 rogari
911 2417 1044 2481 juffit.
1075 2419 1192 2479 Quae
1229 2435 1336 2469 cum

985 2494 1018 2539 P
1053 2512 1083 2553 4
