1637 2785
252 155 624 203 ANTONINUS
661 156 1139 204 HELIOGABALUS.
1252 171 1338 221 255

60 263 392 328 praecipitaret,
424 263 606 319 dicens,
635 262 767 309 etiam
797 275 989 309 mortem
1025 263 1140 309 suam
1176 263 1350 324 pretio-

60 337 150 384 sam
181 337 266 384 effe
300 336 484 393 debere,
511 337 560 382 &
583 335 636 381 ad
671 334 862 397 speciem
897 336 1114 393 luxuriae,
1150 351 1196 382 ut
1226 336 1347 383 dice-

59 422 184 456 retur
201 425 335 456 nemo
355 408 415 454 fic
435 407 602 470 periss'e.
621 407 704 453 Sed
725 406 834 452 nihil
852 405 928 452 ista
955 407 1205 453 valuerunt.
1229 424 1350 464 nam,

61 492 115 527 ut
137 480 352 532 diximus,
376 481 426 527 &
453 479 627 528 occisus
655 479 717 528 est
747 496 824 541 per
859 479 1025 526 scurras
1042 516 1057 536 ,
1082 481 1130 526 ὅ(
1151 497 1228 541 per
1253 480 1351 541 pla·

62 565 154 600 teas
183 554 347 600 tractus
375 552 692 608 sordidiffime,
711 568 790 613 per
816 551 992 598 cloacas
1019 551 1204 608 ἀιιξὶιις,
1225 553 1274 599 ὃ(
1302 553 1349 598 in

62 625 265 675 Tiberim
293 626 520 673 submiffus
547 625 622 673 est.
648 624 735 672 Hic
758 623 858 671 finis
885 624 1229 671 Antoninorum
1266 640 1351 670 no-

63 699 177 746 mini
193 699 239 746 in
254 697 484 762 republica
504 697 587 745 fuit
601 734 615 756 ‚
636 697 872 746 scientibus
887 697 1056 745 cunffis
1071 732 1085 755 ‚
1105 695 1236 743 istum
1258 699 1353 742 An-

64 771 277 819 toninum
299 785 389 819 tam
409 771 504 818 vita
522 770 676 818 falsum
695 770 843 829 fuiffe,
866 787 999 833 quam
1023 769 1223 817 nomine.

130 845 354 908 XXXIV.
373 844 539 892 Mirum
563 843 740 891 fortasse
758 843 953 904 cuipiam
976 842 1182 889 videatur
1195 878 1211 901 ,
1228 843 1357 890 Con-

64 917 255 965 stantine
270 918 537 966 venerabilis
551 953 564 978 ,
586 918 712 981 quod
731 917 828 965 haec
851 918 1025 976 clades,
1041 934 1173 980 quam
1196 916 1356 974 retuli,

66 990 178 1037 loco
202 991 462 1053 Principum
492 990 652 1049 fuerit,
670 992 719 1038 &
749 990 928 1053 quidem
957 1005 1100 1051 prope
1123 989 1322 1036 triennio
1338 1024 1354 1045 ,

68 1062 130 1110 ita
163 1076 211 1108 ut
232 1080 367 1110 nemo
403 1064 619 1112 inventus
647 1063 810 1121 fuerit,
837 1063 914 1126 qui
935 1062 1065 1109 istum
1088 1079 1112 1109 a
1133 1063 1357 1125 guberna-

67 1135 183 1182 culis
208 1137 424 1182 Romanae
451 1135 684 1198 majestatis
714 1136 983 1191 abduceret,
1012 1151 1116 1181 cum
1146 1134 1359 1192 Neroni,

70 1209 547 1271 Vitellio,Caligulae,
570 1207 814 1271 ceterisque
843 1206 1104 1269 hujusmodi
1129 1224 1360 1270 nunquam

71 1281 357 1345 tyrannicida
379 1281 585 1330 defuerit.
612 1283 697 1329 Sed
717 1282 911 1346 primum
940 1281 1146 1328 omnium
1166 1281 1255 1343 ipse
1276 1298 1360 1329 ve-

72 1354 192 1400 niam
219 1367 354 1417 peto,
376 1356 501 1418 quod
524 1355 648 1414 haec,
676 1371 776 1418 quae
802 1354 920 1417 apud
948 1353 1150 1402 diversos
1183 1354 1326 1416 reperi
1346 1389 1374 1412 „

70 1426 213 1474 literis
240 1428 426 1486 tradidi;
459 1445 560 1476 cum
591 1429 727 1475 multa
753 1427 962 1490 improba
994 1427 1250 1475 reticuerim
1268 1463 1281 1485 ‚
1311 1429 1361 1474 &

73 1517 178 1562 quae
208 1516 264 1546 ne
287 1500 374 1547 dici
398 1500 579 1564 quidem
611 1500 702 1547 fine
727 1500 929 1547 maximo
959 1501 1136 1562 pudore
1165 1500 1362 1562 possunt.

75 1574 139 1619 Ea
161 1589 274 1619 vero
291 1609 306 1630 ,
336 1590 437 1636 quae
462 1573 555 1635 dixi
570 1609 582 1631 ‚
604 1586 825 1635 praetextu
844 1573 1094 1621 verborum
1124 1573 1326 1619 adhibito
1347 1609 1363 1631 ,

76 1658 290 1708 quantum
312 1645 470 1707 potui,
495 1647 604 1692 texi.
624 1646 804 1693 Deinde
829 1646 938 1692 illud
953 1682 967 1703 ,
984 1648 1107 1707 quod
1128 1647 1363 1695 clementia

76 1731 155 1765 tua
175 1718 287 1765 solet
304 1719 452 1765 dicere
466 1754 478 1775 ‚
495 1718 724 1766 credidisse
748 1717 1056 1776 reficiendum,
1073 1723 1361 1781 Imperatorem

79 1791 156 1855 effe
173 1824 186 1847 ‚
204 1793 390 1851 fortunae
410 1794 476 1859 est.
505 1809 608 1840 nam
637 1795 685 1841 δε
703 1793 851 1840 minus
870 1794 981 1840 boni
1001 1811 1125 1858 reges
1151 1794 1333 1841 fuerunt
1349 1831 1365 1853 ,

79 1868 130 1922 δι
163 1864 344 1927 peffimi.
371 1865 606 1927 Agendum
635 1881 749 1912 vero
767 1903 782 1923 ‚
811 1867 935 1929 quod
964 1867 1104 1929 pietas
1136 1879 1212 1912 tua
1250 1867 1365 1913 solet

79 1938 230 1985 dicere
245 1973 261 1996 ,
284 1940 448 2003 Utsttzt
469 1941 636 1999 imperio
657 1942 779 2002 digni
791 1977 802 1997 ‚
819 1959 918 2001 quos
940 1943 1000 1986 ad
1019 1944 1181 2002 regendi
1199 1940 1363 2003 neeff-

79 2028 206 2057 zatem
229 2013 292 2057 vis
310 2011 470 2070 fatalis
496 2014 735 2058 adduxerit.
763 2015 816 2057 Et
838 2012 1052 2075 quoniam
1084 2012 1159 2059 hic
1183 2012 1367 2059 ultimus

82 2084 424 2131 Antoninorum
459 2082 578 2142 fuit,
616 2089 762 2147 nequ‘e
795 2085 947 2147 postea
989 2087 1081 2132 hoc
1111 2101 1279 2132 nomen
1319 2086 1368 2132 in

83 2154 310 2216 republica
341 2155 448 2201 loco
468 2155 723 2218 Principum
752 2155 1083 2220 frequentatum
1113 2158 1203 2212 est,
1233 2158 1366 2204 etiam

84 2225 196 2272 illud
234 2226 483 2272 addendum
522 2226 615 2286 est,
651 2244 708 2274 ne
740 2227 838 2290 quis
867 2244 993 2274 error
1027 2229 1195 2275 oriatur
1216 2265 1229 2285 ,
1263 2246 1367 2276 cum

84 2299 200 2344 duos
227 2298 487 2345 Gordianos
508 2316 681 2346 narrare
699 2316 889 2361 coepero
906 2336 920 2357 ,
940 2315 1109 2361 patrem
1128 2319 1178 2348 ac
1200 2301 1368 2359 filium,

87 2373 164 2434 qui
195 2372 235 2418 se
263 2374 315 2418 de
341 2373 680 2419 Antoninorum
704 2390 865 2436 genere
894 2363 981 2420 dici
1008 2374 1252 2433 volebant,
1271 2391 1368 2421 non

90 2460 257 2491 nomen
291 2445 337 2491 in
368 2445 454 2493 illis
479 2446 672 2509 primurn
699 2446 815 2507 fuit,
842 2445 913 2493 sed
938 2462 1216 2510 praenomen.
1244 2446 1369 2494 dein-
