1714 2807
357 157 425 204 70
624 145 834 192 JULII
883 147 1382 198 CAPITOLINI

361 260 493 296 runt:
522 250 684 312 quibus
714 253 926 299 omnibus
955 255 1112 302 statuas
1141 256 1187 302 in
1221 257 1325 304 foro
1356 257 1498 322 Ulpio
1534 261 1631 307 col—

362 321 548 369 locavit.
567 324 727 383 Quare
746 325 876 372 amici
890 326 1144 389 frequenter
1157 327 1381 376 suaserunt
1394 366 1407 388 ,
1434 325 1518 378 ut⁸a
1538 333 1634 381 bel-

363 395 416 442 lis
437 395 705 454 discederet,
725 398 774 446 δι
797 399 987 446 Romam
1008 401 1208 449 veniret:
1234 403 1305 450 sed
1329 404 1405 450 ille
1433 419 1638 453 contem·

359 468 440 527 fit,
467 487 519 517 ac
557 471 772 533 perstitit3
807 488 889 520 nec
925 473 1044 535 prius
1076 475 1274 533 recellit,
1311 493 1445 539 quam
1484 478 1638 524 omnia

361 542 477 589 bella
500 541 660 590 finiret.
689 544 953 592 Provincias
981 563 1035 592 ex
1057 548 1451 609 proconsularibus
1476 549 1637 597 consu-

360 616 498 673 lares,
524 631 598 663 aut
620 635 675 663 ex
700 618 1004 665 consularibus
1026 620 1396 682 proconsulares,
1421 636 1495 669 aut
1523 640 1639 684 prae-
1679 668 1684 673 .

359 691 522 746 terias,
542 707 627 753 pro
653 691 758 738 belli
786 693 1034 739 neceffitate
1051 730 1061 747 ‚
1083 693 1202 740 fecit.
1223 696 1309 741 Res
1338 695 1469 742 etiam
1491 697 1537 742 in
1560 697 1639 743 Se-

358 764 518 825 quanis
558 764 781 822 turbatas,
818 765 998 812 censura
1038 768 1088 814 &
1128 767 1391 815 auftoritate
1431 770 1639 831 repreffit.

362 837 643 898 Compofitae
673 854 742 884 res
771 838 816 883 in
851 837 1093 900 Hispania,
1130 855 1230 901 quae
1264 857 1341 901 per
1374 843 1639 889 Lusitaniam

362 910 553 955 turbatae
574 923 709 956 erant.
739 909 853 956 Filio
887 910 1178 968 Commodo,
1201 913 1403 960 arceffito
1433 915 1486 960 ad
1521 914 1640 960 limi-

362 995 453 1028 tem
471 1017 484 1038 ,
509 996 659 1046 togam
675 983 851 1030 virilem
875 983 1021 1041 dedit,
1039 1000 1175 1046 quare
1191 986 1466 1048 congiarium
1492 1004 1641 1049 popu-

362 1055 410 1102 lo
431 1055 609 1114 divifit,
624 1057 672 1104 &
691 1072 791 1103 eum
811 1067 913 1103 ante
932 1068 1106 1119 tempus
1121 1057 1365 1105 Consulem
1383 1059 1642 1123 designavit.

427 1130 592 1175 XXIII.
613 1130 655 1175 Si
687 1129 786 1192 quis
817 1147 1011 1193 unquam
1043 1130 1317 1194 proscriptus
1343 1131 1447 1179 esset
1475 1150 1498 1179 a
1527 1122 1660 1195 prae--

360 1204 479 1250 seflo
511 1204 657 1261 Urbi,
688 1221 782 1251 non
811 1204 1001 1252 libenter
1030 1206 1330 1267 accepit.1pse
1365 1206 1411 1252 in
1442 1207 1642 1269 largitio-

359 1278 492 1324 nibus
523 1277 729 1339 pecuniae
759 1278 950 1340 publica:
974 1278 1240 1341 parciffimus
1263 1279 1372 1326 fuit:
1397 1281 1525 1342 quod
1550 1279 1643 1326 lau·

363 1351 409 1397 di
438 1349 592 1413 potius
628 1351 787 1409 datur,
825 1368 960 1414 quam
997 1353 1354 1414 reprehensioni:
1389 1353 1460 1399 sed
1496 1365 1642 1400 tamen

362 1425 413 1472 &
431 1424 564 1470 bonis
590 1422 700 1470 viris
727 1424 936 1486 pecunias
964 1426 1173 1484 dedit,&
1197 1427 1376 1488 oppidis
1396 1426 1644 1473 labentibus

361 1499 583 1546 auxilium
604 1497 706 1545 tulit
721 1534 734 1558 ,
754 1500 804 1546 &
823 1498 1005 1556 tributa,
1025 1500 1101 1546 vel
1121 1500 1349 1564 vectigalia
1364 1535 1378 1558 ‚
1396 1500 1471 1545 ubi
1490 1500 1644 1545 neces-

361 1572 461 1618 fitas
488 1572 705 1636 cogebat,
734 1571 914 1618 remisit.
946 1571 1116 1619 Absens
1147 1572 1309 1634 populi
1338 1573 1533 1620 Romani
1557 1587 1645 1619 vo-

363 1644 554 1705 luptates
587 1643 732 1690 curari
758 1644 1046 1690 vehementer
1071 1644 1283 1706 praecepit
1310 1661 1387 1706 per
1413 1643 1645 1691 ditiffimos

361 1718 574 1764 editores.
602 1715 686 1763 fuit
713 1717 831 1763 enim
865 1717 1041 1778 populo
1068 1717 1142 1764 hic
1168 1717 1340 1776 sermo,
1370 1734 1469 1765 cum
1501 1717 1645 1764 sustu-

362 1789 478 1836 liffet
505 1790 559 1835 ad
585 1789 752 1835 bellum
789 1787 1055 1852 gladiatores
1072 1825 1085 1846 ,
1105 1789 1232 1852 quod
1269 1789 1488 1851 populum
1505 1823 1519 1845 ,
1541 1789 1643 1835 sub-

363 1864 464 1911 latis
493 1861 827 1925 voluptatibus,
860 1863 994 1910 vellet
1023 1879 1184 1925 cogere
1210 1863 1264 1909 ad
1292 1862 1649 1924 philosophiam:

362 1935 541 1998 juss'erat
574 1935 720 1993 enim,
751 1951 805 1981 ne
838 1935 1134 1982 mercimonia
1169 1936 1516 1998 impedirentur,
1551 1947 1641 1982 tar·

365 2009 467 2057 dius
503 2007 810 2071 pantomimos
845 2007 1048 2054 exhiberi
1088 2023 1182 2054 non
1215 2008 1338 2054 votis
1369 2007 1537 2055 diebus.
1569 2009 1643 2056 De

368 2082 518 2129 amatis
540 2080 829 2144 pantomimis
848 2081 903 2127 ab
922 2097 1067 2128 uxore
1087 2081 1168 2127 suit
1186 2081 1329 2127 sermo
1346 2115 1359 2139 ‚
1380 2093 1427 2127 ut
1446 2081 1645 2143 superius

367 2154 576 2201 diximus.
604 2154 688 2200 Sed
718 2153 812 2200 haec
837 2153 989 2199 omnia
1021 2169 1099 2214 per
1127 2152 1334 2215 epistolas
1358 2152 1452 2199 suas
1482 2169 1642 2216 purga-

366 2226 450 2274 vit.
486 2226 603 2273 Idem
643 2227 819 2273 Marcus
853 2226 992 2272 sederi
1029 2226 1073 2272 in
1119 2226 1377 2273 civitatibus
1415 2225 1556 2271 vetuit
1595 2225 1643 2271 in

366 2298 510 2362 equis,
533 2298 625 2345 five
651 2298 889 2347 vehiculis:
906 2300 1081 2346 lavacra
1105 2298 1240 2344 mixta
1260 2297 1517 2345 submovit:
1539 2314 1641 2344 mo-

368 2387 435 2416 res
456 2383 758 2418 matronarum
778 2371 1033 2433 composuit
1053 2371 1327 2429 diffluentes,
1351 2373 1399 2418 &
1426 2369 1641 2430 juvenum

367 2445 605 2496 nobilium.
624 2447 755 2495 Sacra
772 2445 989 2510 Serapidi-s
1012 2463 1034 2493 a
1056 2446 1318 2509 vulgaritate
1338 2443 1519 2493 Pelusiae
1539 2443 1641 2492 sub-
