1714 2807
355 182 439 213 ιη
570 167 959 212 TREBELLII
1017 166 1420 216 POLLIONIS

347 269 439 328 ejus
468 270 739 326 Valeriano,
765 275 811 318 &
842 284 889 317 ut
920 271 1165 329 Claudius,
1190 274 1240 319 δι
1276 274 1553 332 Macrianus,
1581 275 1633 325 δε

347 346 593 407 ingenuus,
625 345 976 404 &,Postumius,
1007 349 1056 395 δι
1089 347 1333 394 Aureolus:
1361 348 1439 410 qui
1474 364 1634 397 omnes

347 414 392 461 in
416 414 609 477 imperio
634 415 861 462 interemti
897 417 1026 473 sunt,
1055 431 1156 462 cum
1188 429 1460 464 mererentur
1488 420 1633 482 impe·

348 488 478 534 rium.
509 487 714 534 Mirabile
745 503 895 534 autem
930 490 1018 536 hoc
1050 490 1133 537 fuit
1166 490 1211 536 in
1240 492 1482 538 Valeriano
1506 494 1634 539 Prin·

348 562 468 621 cipe,
488 563 612 622 quod
635 576 792 608 ornnes
811 597 826 618 ,
844 562 1141 625 quoscunque
1166 564 1301 610 duces
1327 563 1432 610 fecit
1449 600 1461 620 ‚
1480 567 1631 626 postea

345 633 535 678 militum
569 633 827 679 testimonio
857 635 911 679 ad
941 635 1177 695 imperium
1219 651 1549 696 pervenerunt:
1582 651 1632 685 ut

344 717 568 767 appareat,
591 706 734 751 senem
750 708 1071 766 Imperatorem
1093 706 1139 752 in
1154 707 1397 770 deligendis
1416 709 1632 770 reipubli-

344 796 408 826 cae
437 781 623 827 ducibus
644 781 773 827 talem
801 779 952 837 fuisse,
973 781 1147 842 qualem
1178 782 1382 828 Romana
1411 782 1630 844 felicitas,

343 853 375 900 fi
400 853 655 900 continuari
684 852 876 898 fataliter
906 854 1141 915 potuisset,
1163 854 1241 900 sub
1264 855 1391 902 bono
1423 856 1630 919 Principe

341 926 607 988 requirebat.
635 928 690 971 Et
719 925 887 970 utinam
915 925 988 971 vel
1019 925 1109 979 illi,
1135 925 1214 986 qui
1243 927 1520 989 arripuerant
1548 928 1630 974 im-

342 997 490 1058 peria,
519 1013 705 1060 regnare
735 996 1002 1059 potuiss'ent,
1035 998 1106 1042 vel
1135 997 1230 1058 ejus
1262 997 1380 1046 filius
1409 999 1454 1045 in
1485 1000 1628 1062 impe-

342 1069 411 1114 rio
435 1070 606 1116 diutius
626 1086 722 1115 non
742 1068 912 1125 fuisset,
941 1083 990 1115 ut
1010 1069 1147 1116 libere
1168 1070 1209 1115 se
1233 1069 1278 1116 in
1309 1071 1388 1118 suo
1411 1071 1520 1119 statu
1541 1073 1630 1120 res*

344 1141 525 1202 publica
555 1141 707 1188 nostra
732 1142 951 1188 tenuisset.
973 1143 1057 1188 Sed
1085 1143 1216 1188 nimis
1242 1143 1318 1189 fibi
1349 1146 1540 1192 Fortuna
1559 1145 1632 1192 in-

343 1214 617 1276 dulgendum
650 1215 853 1275 putavit,
883 1232 984 1276 quae
1013 1232 1113 1262 cum
1143 1216 1384 1262 Valeriano
1408 1219 1457 1265 &
1482 1218 1631 1267 bonos

344 1287 573 1349 Principes
595 1287 727 1343 tulit,
753 1288 800 1333 δι
826 1287 1083 1333 Gallienum
1110 1287 1304 1346 diutius,
1325 1305 1457 1352 quam
1487 1306 1630 1353 opor-

342 1360 462 1407 tebat
475 1395 490 1419 ,
507 1359 765 1422 reipublicae
787 1360 1050 1409 reservavit.

522 1522 599 1581 X.
666 1523 802 1579 DE
870 1523 1458 1581 AUREOLO.

341 1734 421 1781 XI.
455 1695 606 1782 Hm
626 1750 808 1797 quoque
830 1734 1117 1799 Illyricianos
1139 1733 1361 1781 exercitus
1385 1750 1566 1797 regem,
1581 1733 1628 1782 in

341 1820 625 1853 contemtum
651 1806 876 1863 Gallieni,
910 1820 957 1852 ut
988 1822 1145 1852 omnes
1181 1822 1237 1850 eo
1266 1818 1497 1867 tempore,
1522 1821 1633 1852 coa-

341 1880 434 1927 &us
463 1897 486 1926 a
507 1880 750 1935 militibus,
783 1880 930 1925 sumsit
952 1880 1203 1941 imperium.
1232 1880 1406 1924 Etcum
1436 1878 1630 1926 Macria-

342 1971 452 2012 nu5‚
490 1972 590 2003 cum
631 1954 729 2001 filio
764 1955 843 2000 suo
887 1954 1151 2007 Macriano,
1181 1967 1337 1999 contra
1373 1953 1630 1999 Gallienum

343 2030 547 2086 veniret,
568 2046 667 2076 cum
701 2028 903 2089 plurimis
924 2028 1144 2075 exercitus
1171 2026 1263 2085 ejus
1290 2027 1432 2089 cepit3
1454 2026 1629 2089 aliquos

342 2117 585 2163 corruptos
613 2100 713 2146 fidei
741 2102 828 2148 suae
853 2101 1034 2148 addixit.
1060 2102 1108 2146 &
1140 2117 1241 2146 cnm
1270 2099 1404 2146 facilus
1431 2099 1534 2146 esset
1557 2099 1629 2146 in-

345 2176 514 2222 validus
535 2180 777 2236 Imperator
791 2211 804 2232 ‚
824 2191 1016 2236 cumque
1032 2174 1266 2220 Gallienus
1284 2189 1541 2236 expugnare
1558 2173 1630 2221 vi-

343 2266 439 2295 rum
477 2248 640 2294 fortem
672 2247 825 2294 frustra
857 2247 1086 2302 tentasset,
1115 2263 1268 2308 pacem
1296 2263 1397 2293 cum
1426 2262 1482 2292 eo
1509 2261 1626 2293 con-

343 2335 407 2367 tra
429 2321 704 2368 Postumium
738 2334 1011 2383 pugnaturus
1041 2319 1156 2367 fecit.
1186 2335 1381 2381 quorum
1416 2318 1627 2380 pleraque

343 2395 394 2442 δι
411 2383 523 2441 dicia
546 2394 640 2440 sunt
661 2431 673 2450 ‚
698 2395 746 2441 δέ
768 2394 968 2440 dicenda.
1001 2395 1130 2439 Hunc
1158 2393 1345 2439 eundem
1378 2390 1625 2437 Aureolum

342 2466 585 2526 Claudius»,
609 2465 844 2513 interfecto
872 2465 956 2525 jam
986 2467 1229 2524 Gallieno,
1259 2462 1474 2513 conflictu
1504 2462 1622 2510 habi-
