<?xml version="1.0" encoding="UTF-8"?>
<!DOCTYPE html PUBLIC "-//W3C//DTD XHTML 1.0 Transitional//EN"
    "http://www.w3.org/TR/xhtml1/DTD/xhtml1-transitional.dtd">
<html xmlns="http://www.w3.org/1999/xhtml" xml:lang="en" lang="en">
 <head>
  <title>
</title>
<meta http-equiv="Content-Type" content="text/html;charset=utf-8" />
  <meta name='ocr-system' content='tesseract 3.04.00' />
  <meta name='ocr-capabilities' content='ocr_page ocr_carea ocr_par ocr_line ocrx_word'/>
</head>
<body>
  <div class='ocr_page' id='page_1' title='image "./historiaeaugusta00bipouoft_0596.png"; bbox 0 0 1714 2807; ppageno 0'>
   <div class='ocr_carea' id='block_1_1' title="bbox 296 131 1379 185">
    <p class='ocr_par' dir='ltr' id='par_1_1' title="bbox 296 131 1379 185">
     <span class='ocr_line' id='line_1_1' title="bbox 296 131 1379 185; baseline 0.004 -4"><span class='ocrx_word' id='word_1_1' title='bbox 296 131 382 182; x_wconf 88' lang='lat'>188</span> <span class='ocrx_word' id='word_1_2' title='bbox 519 134 1379 185; x_wconf 78' lang='lat' dir='ltr'>FLAV,IIVOPISC1</span> 
     </span>
    </p>
   </div>
   <div class='ocr_carea' id='block_1_2' title="bbox 217 238 1604 2496">
    <p class='ocr_par' dir='ltr' id='par_1_2' title="bbox 287 238 1584 797">
     <span class='ocr_line' id='line_1_2' title="bbox 288 238 1583 299; baseline 0.004 -13"><span class='ocrx_word' id='word_1_3' title='bbox 288 238 461 295; x_wconf 81' lang='lat' dir='ltr'>vestes;</span> <span class='ocrx_word' id='word_1_4' title='bbox 487 254 591 286; x_wconf 89' lang='lat' dir='ltr'>cum</span> <span class='ocrx_word' id='word_1_5' title='bbox 621 253 748 287; x_wconf 87' lang='lat' dir='ltr'>antea</span> <span class='ocrx_word' id='word_1_6' title='bbox 775 241 982 288; x_wconf 81' lang='lat' dir='ltr'>coloreas</span> <span class='ocrx_word' id='word_1_7' title='bbox 1009 240 1285 299; x_wconf 74' lang='lat' dir='ltr'>habuissent,</span> <span class='ocrx_word' id='word_1_8' title='bbox 1309 243 1359 291; x_wconf 89' lang='lat'>&amp;</span> <span class='ocrx_word' id='word_1_9' title='bbox 1389 252 1438 290; x_wconf 88' lang='lat' dir='ltr'>ut</span> <span class='ocrx_word' id='word_1_10' title='bbox 1466 243 1583 291; x_wconf 59' lang='lat' dir='ltr'>mula</span> 
     </span>
     <span class='ocr_line' id='line_1_3' title="bbox 289 310 1584 378; baseline 0.005 -21"><span class='ocrx_word' id='word_1_11' title='bbox 289 323 386 357; x_wconf 86' lang='lat' dir='ltr'>tum</span> <span class='ocrx_word' id='word_1_12' title='bbox 414 311 830 373; x_wconf 81' lang='lat' dir='ltr'>oxypaederotinas.</span> <span class='ocrx_word' id='word_1_13' title='bbox 865 314 917 357; x_wconf 89' lang='lat' dir='ltr'>Et</span> <span class='ocrx_word' id='word_1_14' title='bbox 948 324 994 358; x_wconf 85' lang='lat' dir='ltr'>ut</span> <span class='ocrx_word' id='word_1_15' title='bbox 1024 310 1181 358; x_wconf 85' lang='lat' dir='ltr'>fibulas</span> <span class='ocrx_word' id='word_1_16' title='bbox 1208 329 1361 360; x_wconf 86' lang='lat' dir='ltr'>aureas</span> <span class='ocrx_word' id='word_1_17' title='bbox 1393 314 1584 378; x_wconf 80' lang='lat' dir='ltr'>gregarii</span> 
     </span>
     <span class='ocr_line' id='line_1_4' title="bbox 288 382 1584 447; baseline 0.002 -18"><span class='ocrx_word' id='word_1_18' title='bbox 288 382 454 429; x_wconf 80' lang='lat' dir='ltr'>milites</span> <span class='ocrx_word' id='word_1_19' title='bbox 476 383 714 441; x_wconf 80' lang='lat' dir='ltr'>haberent,</span> <span class='ocrx_word' id='word_1_20' title='bbox 743 383 860 430; x_wconf 91' lang='lat' dir='ltr'>idern</span> <span class='ocrx_word' id='word_1_21' title='bbox 896 383 1064 447; x_wconf 89' lang='lat' dir='ltr'>primus</span> <span class='ocrx_word' id='word_1_22' title='bbox 1100 385 1342 441; x_wconf 69' lang='lat' dir='ltr'>conceffit;</span> <span class='ocrx_word' id='word_1_23' title='bbox 1374 403 1475 433; x_wconf 89' lang='lat' dir='ltr'>cum</span> <span class='ocrx_word' id='word_1_24' title='bbox 1500 403 1584 434; x_wconf 87' lang='lat' dir='ltr'>an-</span> 
     </span>
     <span class='ocr_line' id='line_1_5' title="bbox 288 453 1584 522; baseline 0.002 -19"><span class='ocrx_word' id='word_1_25' title='bbox 288 453 360 503; x_wconf 82' lang='lat' dir='ltr'>tea</span> <span class='ocrx_word' id='word_1_26' title='bbox 385 470 608 521; x_wconf 83' lang='lat' dir='ltr'>argenteas</span> <span class='ocrx_word' id='word_1_27' title='bbox 635 457 896 504; x_wconf 75' lang='lat' dir='ltr'>habuissent.</span> <span class='ocrx_word' id='word_1_28' title='bbox 920 458 1190 520; x_wconf 76' lang='lat' dir='ltr'>Paragaudas</span> <span class='ocrx_word' id='word_1_29' title='bbox 1210 458 1353 505; x_wconf 81' lang='lat' dir='ltr'>vestes</span> <span class='ocrx_word' id='word_1_30' title='bbox 1381 458 1470 522; x_wconf 82' lang='lat' dir='ltr'>ipse</span> <span class='ocrx_word' id='word_1_31' title='bbox 1492 458 1584 522; x_wconf 86' lang='lat' dir='ltr'>pri-</span> 
     </span>
     <span class='ocr_line' id='line_1_6' title="bbox 289 531 1584 595; baseline 0.001 -18"><span class='ocrx_word' id='word_1_32' title='bbox 289 548 387 577; x_wconf 86' lang='lat' dir='ltr'>mus</span> <span class='ocrx_word' id='word_1_33' title='bbox 414 531 629 578; x_wconf 83' lang='lat' dir='ltr'>militibus</span> <span class='ocrx_word' id='word_1_34' title='bbox 656 532 806 588; x_wconf 83' lang='lat' dir='ltr'>dedit3</span> <span class='ocrx_word' id='word_1_35' title='bbox 833 549 933 579; x_wconf 88' lang='lat' dir='ltr'>cum</span> <span class='ocrx_word' id='word_1_36' title='bbox 959 544 1061 578; x_wconf 82' lang='lat' dir='ltr'>ante</span> <span class='ocrx_word' id='word_1_37' title='bbox 1092 532 1269 578; x_wconf 79' lang='lat' dir='ltr'>nonnisi</span> <span class='ocrx_word' id='word_1_38' title='bbox 1303 534 1437 580; x_wconf 59' lang='lat' dir='ltr'>reelas</span> <span class='ocrx_word' id='word_1_39' title='bbox 1472 550 1584 595; x_wconf 88' lang='lat' dir='ltr'>pur-</span> 
     </span>
     <span class='ocr_line' id='line_1_7' title="bbox 288 603 1584 666; baseline 0.004 -18"><span class='ocrx_word' id='word_1_40' title='bbox 288 620 446 664; x_wconf 87' lang='lat' dir='ltr'>pureas</span> <span class='ocrx_word' id='word_1_41' title='bbox 465 603 760 665; x_wconf 74' lang='lat' dir='ltr'>accepissent:</span> <span class='ocrx_word' id='word_1_42' title='bbox 781 605 828 650; x_wconf 89' lang='lat'>&amp;</span> <span class='ocrx_word' id='word_1_43' title='bbox 854 604 1036 666; x_wconf 86' lang='lat' dir='ltr'>quidem</span> <span class='ocrx_word' id='word_1_44' title='bbox 1053 603 1149 650; x_wconf 85' lang='lat' dir='ltr'>aliis</span> <span class='ocrx_word' id='word_1_45' title='bbox 1179 605 1463 662; x_wconf 85' lang='lat' dir='ltr'>monolores,</span> <span class='ocrx_word' id='word_1_46' title='bbox 1488 605 1584 654; x_wconf 85' lang='lat' dir='ltr'>aliis</span> 
     </span>
     <span class='ocr_line' id='line_1_8' title="bbox 287 674 1584 740; baseline 0.004 -20"><span class='ocrx_word' id='word_1_47' title='bbox 287 675 483 733; x_wconf 82' lang='lat' dir='ltr'>dilores,</span> <span class='ocrx_word' id='word_1_48' title='bbox 512 677 688 723; x_wconf 84' lang='lat' dir='ltr'>trilores</span> <span class='ocrx_word' id='word_1_49' title='bbox 712 676 838 733; x_wconf 85' lang='lat' dir='ltr'>aliis,</span> <span class='ocrx_word' id='word_1_50' title='bbox 860 678 909 723; x_wconf 87' lang='lat'>&amp;</span> <span class='ocrx_word' id='word_1_51' title='bbox 935 674 1071 739; x_wconf 77' lang='lat' dir='ltr'>usque</span> <span class='ocrx_word' id='word_1_52' title='bbox 1091 675 1144 720; x_wconf 88' lang='lat' dir='ltr'>ad</span> <span class='ocrx_word' id='word_1_53' title='bbox 1165 675 1445 738; x_wconf 89' lang='lat' dir='ltr'>pentelores‚</span> <span class='ocrx_word' id='word_1_54' title='bbox 1470 693 1584 740; x_wconf 89' lang='lat' dir='ltr'>qua-</span> 
     </span>
     <span class='ocr_line' id='line_1_9' title="bbox 287 749 801 797; baseline 0 -3"><span class='ocrx_word' id='word_1_55' title='bbox 287 749 352 797; x_wconf 86' lang='lat' dir='ltr'>les</span> <span class='ocrx_word' id='word_1_56' title='bbox 373 750 511 795; x_wconf 89' lang='lat' dir='ltr'>hodie</span> <span class='ocrx_word' id='word_1_57' title='bbox 534 750 662 795; x_wconf 79' lang='lat' dir='ltr'>lineae</span> <span class='ocrx_word' id='word_1_58' title='bbox 689 749 801 794; x_wconf 77' lang='lat' dir='ltr'>sunt.</span> 
     </span>
    </p>

    <p class='ocr_par' dir='ltr' id='par_1_3' title="bbox 217 820 1604 1918">
     <span class='ocr_line' id='line_1_10' title="bbox 353 820 1585 886; baseline 0.001 -17"><span class='ocrx_word' id='word_1_59' title='bbox 353 824 532 870; x_wconf 87' lang='lat' dir='ltr'>XLVII.</span> <span class='ocrx_word' id='word_1_60' title='bbox 555 824 745 870; x_wconf 83' lang='lat' dir='ltr'>Panibus</span> <span class='ocrx_word' id='word_1_61' title='bbox 768 820 887 867; x_wconf 86' lang='lat' dir='ltr'>urbis</span> <span class='ocrx_word' id='word_1_62' title='bbox 908 821 1070 868; x_wconf 81' lang='lat' dir='ltr'>Romae</span> <span class='ocrx_word' id='word_1_63' title='bbox 1088 820 1266 868; x_wconf 84' lang='lat' dir='ltr'>unciam</span> <span class='ocrx_word' id='word_1_64' title='bbox 1291 822 1344 868; x_wconf 92' lang='lat' dir='ltr'>de</span> <span class='ocrx_word' id='word_1_65' title='bbox 1361 821 1585 886; x_wconf 78' lang='lat' dir='ltr'>AEgyptio</span> 
     </span>
     <span class='ocr_line' id='line_1_11' title="bbox 291 895 1588 959; baseline 0.002 -17"><span class='ocrx_word' id='word_1_66' title='bbox 291 897 497 959; x_wconf 70' lang='lat' dir='ltr'>veffigali</span> <span class='ocrx_word' id='word_1_67' title='bbox 520 897 640 943; x_wconf 87' lang='lat' dir='ltr'>auxit</span> <span class='ocrx_word' id='word_1_68' title='bbox 664 931 677 952; x_wconf 87' lang='lat'><em>‚</em></span> <span class='ocrx_word' id='word_1_69' title='bbox 698 908 747 941; x_wconf 92' lang='lat' dir='ltr'>ut</span> <span class='ocrx_word' id='word_1_70' title='bbox 770 895 958 958; x_wconf 79' lang='lat' dir='ltr'>quadam</span> <span class='ocrx_word' id='word_1_71' title='bbox 987 895 1174 956; x_wconf 84' lang='lat' dir='ltr'>epistola</span> <span class='ocrx_word' id='word_1_72' title='bbox 1190 932 1203 954; x_wconf 90' lang='lat'>‚</span> <span class='ocrx_word' id='word_1_73' title='bbox 1225 897 1322 944; x_wconf 89' lang='lat' dir='ltr'>data</span> <span class='ocrx_word' id='word_1_74' title='bbox 1340 898 1394 943; x_wconf 90' lang='lat' dir='ltr'>ad</span> <span class='ocrx_word' id='word_1_75' title='bbox 1421 897 1588 945; x_wconf 79' lang='lat' dir='ltr'>Praefe-</span> 
     </span>
     <span class='ocr_line' id='line_1_12' title="bbox 288 969 1587 1032; baseline 0.002 -16"><span class='ocrx_word' id='word_1_76' title='bbox 288 971 406 1017; x_wconf 73' lang='lat' dir='ltr'>&amp;um</span> <span class='ocrx_word' id='word_1_77' title='bbox 438 987 631 1016; x_wconf 80' lang='lat' dir='ltr'>annonae</span> <span class='ocrx_word' id='word_1_78' title='bbox 661 969 826 1026; x_wconf 88' lang='lat' dir='ltr'>Urbis,</span> <span class='ocrx_word' id='word_1_79' title='bbox 850 969 983 1016; x_wconf 83' lang='lat' dir='ltr'>etiam</span> <span class='ocrx_word' id='word_1_80' title='bbox 1006 969 1098 1029; x_wconf 84' lang='lat' dir='ltr'>ipse</span> <span class='ocrx_word' id='word_1_81' title='bbox 1128 970 1360 1032; x_wconf 62' lang='lat' dir='ltr'>gloriatur.</span> <span class='ocrx_word' id='word_1_82' title='bbox 1385 975 1587 1018; x_wconf 81' lang='lat' dir='ltr'>Aurelia-</span> 
     </span>
     <span class='ocr_line' id='line_1_13' title="bbox 288 1043 1587 1107; baseline 0.001 -18"><span class='ocrx_word' id='word_1_83' title='bbox 288 1061 368 1089; x_wconf 78' lang='lat' dir='ltr'>nus</span> <span class='ocrx_word' id='word_1_84' title='bbox 394 1043 608 1107; x_wconf 77' lang='lat' dir='ltr'>Augustus</span> <span class='ocrx_word' id='word_1_85' title='bbox 640 1045 787 1088; x_wconf 73' lang='lat' dir='ltr'>Flavio</span> <span class='ocrx_word' id='word_1_86' title='bbox 817 1045 1041 1089; x_wconf 76' lang='lat' dir='ltr'>Arabiano</span> <span class='ocrx_word' id='word_1_87' title='bbox 1072 1043 1267 1101; x_wconf 58' lang='lat' dir='ltr'>Praefec‘io</span> <span class='ocrx_word' id='word_1_88' title='bbox 1298 1063 1488 1090; x_wconf 84' lang='lat' dir='ltr'>annonae.</span> <span class='ocrx_word' id='word_1_89' title='bbox 1511 1047 1587 1090; x_wconf 85' lang='lat' dir='ltr'>In-</span> 
     </span>
     <span class='ocr_line' id='line_1_14' title="bbox 291 1115 1589 1179; baseline 0.001 -17"><span class='ocrx_word' id='word_1_90' title='bbox 291 1132 353 1162; x_wconf 84' lang='lat' dir='ltr'>ter</span> <span class='ocrx_word' id='word_1_91' title='bbox 367 1134 506 1171; x_wconf 66' lang='lat' dir='ltr'>cetera,</span> <span class='ocrx_word' id='word_1_92' title='bbox 529 1117 692 1177; x_wconf 80' lang='lat' dir='ltr'>quibus.</span> <span class='ocrx_word' id='word_1_93' title='bbox 714 1118 820 1161; x_wconf 80' lang='lat' dir='ltr'>Diis</span> <span class='ocrx_word' id='word_1_94' title='bbox 831 1115 1093 1174; x_wconf 78' lang='lat' dir='ltr'>faventibus,</span> <span class='ocrx_word' id='word_1_95' title='bbox 1108 1119 1349 1163; x_wconf 86' lang='lat' dir='ltr'>Romanam</span> <span class='ocrx_word' id='word_1_96' title='bbox 1368 1119 1589 1179; x_wconf 82' lang='lat' dir='ltr'>rempubli-</span> 
     </span>
     <span class='ocr_line' id='line_1_15' title="bbox 292 1189 1594 1255; baseline 0.002 -21"><span class='ocrx_word' id='word_1_97' title='bbox 292 1208 385 1234; x_wconf 83' lang='lat' dir='ltr'>cam</span> <span class='ocrx_word' id='word_1_98' title='bbox 397 1189 604 1244; x_wconf 73' lang='lat' dir='ltr'>juvimus,</span> <span class='ocrx_word' id='word_1_99' title='bbox 622 1191 734 1234; x_wconf 74' lang='lat' dir='ltr'>nihil</span> <span class='ocrx_word' id='word_1_100' title='bbox 749 1191 854 1234; x_wconf 77' lang='lat' dir='ltr'>rnilzi</span> <span class='ocrx_word' id='word_1_101' title='bbox 877 1191 929 1255; x_wconf 85' lang='lat' dir='ltr'>est</span> <span class='ocrx_word' id='word_1_102' title='bbox 951 1189 1283 1250; x_wconf 74' lang='lat' dir='ltr'>magnificentius</span> <span class='ocrx_word' id='word_1_103' title='bbox 1298 1226 1311 1247; x_wconf 87' lang='lat'>,</span> <span class='ocrx_word' id='word_1_104' title='bbox 1336 1210 1458 1251; x_wconf 85' lang='lat' dir='ltr'>quam</span> <span class='ocrx_word' id='word_1_105' title='bbox 1479 1194 1594 1252; x_wconf 83' lang='lat' dir='ltr'>quod</span> 
     </span>
     <span class='ocr_line' id='line_1_16' title="bbox 290 1263 1589 1325; baseline 0.003 -19"><span class='ocrx_word' id='word_1_106' title='bbox 290 1264 579 1307; x_wconf 78' lang='lat' dir='ltr'>additamento</span> <span class='ocrx_word' id='word_1_107' title='bbox 605 1263 736 1307; x_wconf 71' lang='lat' dir='ltr'>unciae</span> <span class='ocrx_word' id='word_1_108' title='bbox 765 1281 883 1307; x_wconf 84' lang='lat' dir='ltr'>omne</span> <span class='ocrx_word' id='word_1_109' title='bbox 908 1281 1174 1308; x_wconf 83' lang='lat' dir='ltr'>annonarum</span> <span class='ocrx_word' id='word_1_110' title='bbox 1210 1266 1441 1309; x_wconf 76' lang='lat' dir='ltr'>urbicarum</span> <span class='ocrx_word' id='word_1_111' title='bbox 1459 1282 1589 1325; x_wconf 79' lang='lat' dir='ltr'>genus</span> 
     </span>
     <span class='ocr_line' id='line_1_17' title="bbox 280 1333 1590 1398; baseline 0.004 -19"><span class='ocrx_word' id='word_1_112' title='bbox 280 1335 418 1392; x_wconf 81' lang='lat' dir='ltr'>juvi:</span> <span class='ocrx_word' id='word_1_113' title='bbox 446 1338 558 1396; x_wconf 79' lang='lat' dir='ltr'>quod</span> <span class='ocrx_word' id='word_1_114' title='bbox 589 1351 633 1380; x_wconf 81' lang='lat' dir='ltr'>uc</span> <span class='ocrx_word' id='word_1_115' title='bbox 655 1333 743 1398; x_wconf 77' lang='lat' dir='ltr'>effic</span> <span class='ocrx_word' id='word_1_116' title='bbox 767 1351 1011 1395; x_wconf 79' lang='lat' dir='ltr'>perpetuum</span> <span class='ocrx_word' id='word_1_117' title='bbox 1031 1370 1043 1391; x_wconf 89' lang='lat'>‚</span> <span class='ocrx_word' id='word_1_118' title='bbox 1069 1338 1352 1382; x_wconf 79' lang='lat' dir='ltr'>navicularios</span> <span class='ocrx_word' id='word_1_119' title='bbox 1388 1339 1590 1384; x_wconf 77' lang='lat' dir='ltr'>Niliacos</span> 
     </span>
     <span class='ocr_line' id='line_1_18' title="bbox 289 1407 1590 1471; baseline 0.003 -19"><span class='ocrx_word' id='word_1_120' title='bbox 289 1410 406 1467; x_wconf 80' lang='lat' dir='ltr'>apud</span> <span class='ocrx_word' id='word_1_121' title='bbox 430 1413 669 1469; x_wconf 74' lang='lat' dir='ltr'>AEgypturn</span> <span class='ocrx_word' id='word_1_122' title='bbox 694 1427 829 1454; x_wconf 72' lang='lat' dir='ltr'>novos</span> <span class='ocrx_word' id='word_1_123' title='bbox 846 1445 858 1465; x_wconf 93' lang='lat'>‚</span> <span class='ocrx_word' id='word_1_124' title='bbox 888 1407 930 1455; x_wconf 64' lang='grc' dir='ltr'>δ’</span> <span class='ocrx_word' id='word_1_125' title='bbox 958 1410 1102 1454; x_wconf 78' lang='lat' dir='ltr'><em>Romae</em></span> <span class='ocrx_word' id='word_1_126' title='bbox 1136 1413 1325 1456; x_wconf 85' lang='lat' dir='ltr'>amnicos</span> <span class='ocrx_word' id='word_1_127' title='bbox 1349 1413 1489 1471; x_wconf 79' lang='lat' dir='ltr'>posui.</span> <span class='ocrx_word' id='word_1_128' title='bbox 1514 1413 1590 1456; x_wconf 84' lang='lat' dir='ltr'>Ti-</span> 
     </span>
     <span class='ocr_line' id='line_1_19' title="bbox 290 1482 1590 1547; baseline 0.005 -22"><span class='ocrx_word' id='word_1_129' title='bbox 290 1482 452 1526; x_wconf 83' lang='lat' dir='ltr'>berinas</span> <span class='ocrx_word' id='word_1_130' title='bbox 482 1483 668 1547; x_wconf 83' lang='lat' dir='ltr'>exstruxi</span> <span class='ocrx_word' id='word_1_131' title='bbox 697 1485 811 1541; x_wconf 81' lang='lat' dir='ltr'><em>ripas</em></span> <span class='ocrx_word' id='word_1_132' title='bbox 832 1499 848 1527; x_wconf 91' lang='lat'>.·</span> <span class='ocrx_word' id='word_1_133' title='bbox 887 1485 1043 1527; x_wconf 75' lang='lat' dir='ltr'>vadum</span> <span class='ocrx_word' id='word_1_134' title='bbox 1076 1486 1185 1528; x_wconf 82' lang='lat' dir='ltr'>alvei</span> <span class='ocrx_word' id='word_1_135' title='bbox 1223 1488 1419 1529; x_wconf 81' lang='lat' dir='ltr'>tumentis</span> <span class='ocrx_word' id='word_1_136' title='bbox 1448 1483 1590 1547; x_wconf 63' lang='lat' dir='ltr'>ffdi.</span> 
     </span>
     <span class='ocr_line' id='line_1_20' title="bbox 290 1553 1591 1617; baseline 0.003 -17"><span class='ocrx_word' id='word_1_137' title='bbox 290 1557 401 1600; x_wconf 79' lang='lat' dir='ltr'>Diis</span> <span class='ocrx_word' id='word_1_138' title='bbox 425 1553 467 1601; x_wconf 63' lang='grc' dir='ltr'>δ’</span> <span class='ocrx_word' id='word_1_139' title='bbox 482 1559 742 1602; x_wconf 79' lang='lat' dir='ltr'>Perennitati</span> <span class='ocrx_word' id='word_1_140' title='bbox 760 1572 857 1601; x_wconf 80' lang='lat' dir='ltr'>vota</span> <span class='ocrx_word' id='word_1_141' title='bbox 878 1558 1069 1617; x_wconf 75' lang='lat' dir='ltr'>constitui</span> <span class='ocrx_word' id='word_1_142' title='bbox 1081 1591 1092 1612; x_wconf 87' lang='lat'>‚</span> <span class='ocrx_word' id='word_1_143' title='bbox 1115 1559 1272 1601; x_wconf 88' lang='lat' dir='ltr'>almam</span> <span class='ocrx_word' id='word_1_144' title='bbox 1299 1560 1470 1603; x_wconf 82' lang='lat' dir='ltr'>Cererem</span> <span class='ocrx_word' id='word_1_145' title='bbox 1489 1576 1591 1604; x_wconf 85' lang='lat' dir='ltr'>corz-</span> 
     </span>
     <span class='ocr_line' id='line_1_21' title="bbox 281 1629 1593 1696; baseline 0.002 -23"><span class='ocrx_word' id='word_1_146' title='bbox 281 1629 461 1689; x_wconf 75' lang='lat' dir='ltr'>secravi.</span> <span class='ocrx_word' id='word_1_147' title='bbox 487 1632 614 1674; x_wconf 84' lang='lat' dir='ltr'>Nunc</span> <span class='ocrx_word' id='word_1_148' title='bbox 644 1646 759 1675; x_wconf 80' lang='lat' dir='ltr'>tuum</span> <span class='ocrx_word' id='word_1_149' title='bbox 791 1631 844 1696; x_wconf 72' lang='lat' dir='ltr'>es}</span> <span class='ocrx_word' id='word_1_150' title='bbox 875 1631 1086 1694; x_wconf 83' lang='lat' dir='ltr'>officium,</span> <span class='ocrx_word' id='word_1_151' title='bbox 1122 1631 1342 1675; x_wconf 77' lang='lat' dir='ltr'>Arabiane</span> <span class='ocrx_word' id='word_1_152' title='bbox 1365 1630 1593 1691; x_wconf 70' lang='lat' dir='ltr'>jucundifi</span> 
     </span>
     <span class='ocr_line' id='line_1_22' title="bbox 282 1701 1604 1767; baseline 0.004 -22"><span class='ocrx_word' id='word_1_153' title='bbox 282 1701 426 1766; x_wconf 79' lang='lat' dir='ltr'>fitne,</span> <span class='ocrx_word' id='word_1_154' title='bbox 462 1704 695 1753; x_wconf 77' lang='lat' dir='ltr'>elaborare,</span> <span class='ocrx_word' id='word_1_155' title='bbox 729 1722 780 1748; x_wconf 84' lang='lat' dir='ltr'>ne</span> <span class='ocrx_word' id='word_1_156' title='bbox 815 1721 909 1748; x_wconf 82' lang='lat' dir='ltr'>rneae</span> <span class='ocrx_word' id='word_1_157' title='bbox 929 1702 1218 1767; x_wconf 67' lang='lat' dir='ltr'>dispositiones</span> <span class='ocrx_word' id='word_1_158' title='bbox 1249 1705 1295 1748; x_wconf 86' lang='lat' dir='ltr'>in</span> <span class='ocrx_word' id='word_1_159' title='bbox 1324 1705 1483 1749; x_wconf 84' lang='lat' dir='ltr'>irritum</span> <span class='ocrx_word' id='word_1_160' title='bbox 1520 1721 1604 1750; x_wconf 80' lang='lat' dir='ltr'>ve-·</span> 
     </span>
     <span class='ocr_line' id='line_1_23' title="bbox 291 1775 1590 1837; baseline 0.002 -18"><span class='ocrx_word' id='word_1_161' title='bbox 291 1775 430 1819; x_wconf 74' lang='lat' dir='ltr'>niam.</span> <span class='ocrx_word' id='word_1_162' title='bbox 466 1777 605 1835; x_wconf 76' lang='lat' dir='ltr'>Neque</span> <span class='ocrx_word' id='word_1_163' title='bbox 638 1778 746 1820; x_wconf 85' lang='lat' dir='ltr'>enim</span> <span class='ocrx_word' id='word_1_164' title='bbox 774 1780 929 1836; x_wconf 77' lang='lat' dir='ltr'>populo</span> <span class='ocrx_word' id='word_1_165' title='bbox 964 1776 1164 1820; x_wconf 80' lang='lat' dir='ltr'>Romano</span> <span class='ocrx_word' id='word_1_166' title='bbox 1182 1776 1333 1836; x_wconf 83' lang='lat' dir='ltr'>saturo</span> <span class='ocrx_word' id='word_1_167' title='bbox 1362 1778 1590 1837; x_wconf 77' lang='lat' dir='ltr'>quidquam</span> 
     </span>
     <span class='ocr_line' id='line_1_24' title="bbox 217 1845 1602 1918; baseline 0.003 -27"><span class='ocrx_word' id='word_1_168' title='bbox 217 1847 221 1852; x_wconf 71' lang='grc'><strong>’</strong></span> <span class='ocrx_word' id='word_1_169' title='bbox 286 1848 419 1912; x_wconf 78' lang='lat' dir='ltr'>potest</span> <span class='ocrx_word' id='word_1_170' title='bbox 450 1845 521 1911; x_wconf 78' lang='lat' dir='ltr'>effi</span> <span class='ocrx_word' id='word_1_171' title='bbox 550 1850 699 1894; x_wconf 67' lang='lat' dir='ltr'>lacius.</span> <span class='ocrx_word' id='word_1_172' title='bbox 1595 1910 1602 1918; x_wconf 39' lang='grc' dir='ltr'>Ι</span> 
     </span>
    </p>

    <p class='ocr_par' dir='ltr' id='par_1_4' title="bbox 293 1919 1594 2496">
     <span class='ocr_line' id='line_1_25' title="bbox 359 1919 1593 1984; baseline 0.002 -18"><span class='ocrx_word' id='word_1_173' title='bbox 359 1921 563 1969; x_wconf 83' lang='lat' dir='ltr'>XLVIII.</span> <span class='ocrx_word' id='word_1_174' title='bbox 591 1923 815 1968; x_wconf 81' lang='lat' dir='ltr'>Statuerat</span> <span class='ocrx_word' id='word_1_175' title='bbox 854 1921 903 1967; x_wconf 86' lang='lat'>&amp;</span> <span class='ocrx_word' id='word_1_176' title='bbox 932 1919 1090 1968; x_wconf 88' lang='lat' dir='ltr'>vinum</span> <span class='ocrx_word' id='word_1_177' title='bbox 1129 1919 1374 1983; x_wconf 87' lang='lat' dir='ltr'>gratuitum</span> <span class='ocrx_word' id='word_1_178' title='bbox 1413 1920 1593 1984; x_wconf 88' lang='lat' dir='ltr'>populo</span> 
     </span>
     <span class='ocr_line' id='line_1_26' title="bbox 294 1994 1593 2058; baseline 0.002 -18"><span class='ocrx_word' id='word_1_179' title='bbox 294 1995 512 2043; x_wconf 86' lang='lat' dir='ltr'>Romano</span> <span class='ocrx_word' id='word_1_180' title='bbox 541 1996 670 2053; x_wconf 86' lang='lat' dir='ltr'>dare,</span> <span class='ocrx_word' id='word_1_181' title='bbox 693 2009 771 2052; x_wconf 91' lang='lat' dir='ltr'>ut,</span> <span class='ocrx_word' id='word_1_182' title='bbox 806 1995 1188 2058; x_wconf 82' lang='lat' dir='ltr'>quemadmodum</span> <span class='ocrx_word' id='word_1_183' title='bbox 1216 1994 1435 2043; x_wconf 86' lang='lat' dir='ltr'>oleum&amp;</span> <span class='ocrx_word' id='word_1_184' title='bbox 1464 1995 1593 2058; x_wconf 86' lang='lat' dir='ltr'>panis</span> 
     </span>
     <span class='ocr_line' id='line_1_27' title="bbox 293 2065 1591 2129; baseline 0 -16"><span class='ocrx_word' id='word_1_185' title='bbox 293 2067 345 2113; x_wconf 86' lang='lat'>&amp;</span> <span class='ocrx_word' id='word_1_186' title='bbox 379 2066 568 2129; x_wconf 88' lang='lat' dir='ltr'>porcina</span> <span class='ocrx_word' id='word_1_187' title='bbox 599 2066 790 2129; x_wconf 87' lang='lat' dir='ltr'>gratuita</span> <span class='ocrx_word' id='word_1_188' title='bbox 818 2067 1155 2128; x_wconf 83' lang='lat' dir='ltr'>praeberentur,</span> <span class='ocrx_word' id='word_1_189' title='bbox 1181 2065 1239 2112; x_wconf 79' lang='lat' dir='ltr'>sic</span> <span class='ocrx_word' id='word_1_190' title='bbox 1269 2065 1403 2112; x_wconf 88' lang='lat' dir='ltr'>etiam</span> <span class='ocrx_word' id='word_1_191' title='bbox 1431 2066 1591 2114; x_wconf 89' lang='lat' dir='ltr'>vinum</span> 
     </span>
     <span class='ocr_line' id='line_1_28' title="bbox 296 2137 1592 2203; baseline 0.002 -20"><span class='ocrx_word' id='word_1_192' title='bbox 296 2139 505 2194; x_wconf 86' lang='lat' dir='ltr'>daretur,</span> <span class='ocrx_word' id='word_1_193' title='bbox 537 2139 662 2203; x_wconf 90' lang='lat' dir='ltr'>quod</span> <span class='ocrx_word' id='word_1_194' title='bbox 691 2152 953 2200; x_wconf 87' lang='lat' dir='ltr'>perpetuum</span> <span class='ocrx_word' id='word_1_195' title='bbox 984 2138 1067 2184; x_wconf 83' lang='lat' dir='ltr'>hac</span> <span class='ocrx_word' id='word_1_196' title='bbox 1097 2137 1392 2201; x_wconf 75' lang='lat' dir='ltr'>dispositione</span> <span class='ocrx_word' id='word_1_197' title='bbox 1418 2144 1592 2186; x_wconf 83' lang='lat' dir='ltr'>conce-</span> 
     </span>
     <span class='ocr_line' id='line_1_29' title="bbox 296 2210 1592 2274; baseline 0.003 -19"><span class='ocrx_word' id='word_1_198' title='bbox 296 2223 437 2273; x_wconf 86' lang='lat' dir='ltr'>perat.</span> <span class='ocrx_word' id='word_1_199' title='bbox 472 2212 661 2258; x_wconf 79' lang='lat' dir='ltr'>Etruriae</span> <span class='ocrx_word' id='word_1_200' title='bbox 692 2227 770 2272; x_wconf 88' lang='lat' dir='ltr'>per</span> <span class='ocrx_word' id='word_1_201' title='bbox 801 2210 1026 2256; x_wconf 88' lang='lat' dir='ltr'>Aureliam</span> <span class='ocrx_word' id='word_1_202' title='bbox 1046 2246 1060 2269; x_wconf 91' lang='lat'>,</span> <span class='ocrx_word' id='word_1_203' title='bbox 1090 2210 1228 2274; x_wconf 89' lang='lat' dir='ltr'>usque</span> <span class='ocrx_word' id='word_1_204' title='bbox 1252 2211 1307 2258; x_wconf 87' lang='lat' dir='ltr'>ad</span> <span class='ocrx_word' id='word_1_205' title='bbox 1339 2212 1476 2274; x_wconf 84' lang='lat' dir='ltr'>Alpes</span> <span class='ocrx_word' id='word_1_206' title='bbox 1495 2223 1592 2259; x_wconf 55' lang='lat' dir='ltr'>mad</span> 
     </span>
     <span class='ocr_line' id='line_1_30' title="bbox 296 2281 1594 2347; baseline 0.001 -19"><span class='ocrx_word' id='word_1_207' title='bbox 296 2283 468 2330; x_wconf 87' lang='lat' dir='ltr'>ritimas</span> <span class='ocrx_word' id='word_1_208' title='bbox 497 2284 699 2347; x_wconf 87' lang='lat' dir='ltr'>ingentes</span> <span class='ocrx_word' id='word_1_209' title='bbox 725 2281 816 2346; x_wconf 86' lang='lat' dir='ltr'>agri</span> <span class='ocrx_word' id='word_1_210' title='bbox 849 2282 978 2340; x_wconf 89' lang='lat' dir='ltr'>sunt,</span> <span class='ocrx_word' id='word_1_211' title='bbox 1012 2283 1136 2345; x_wconf 87' lang='lat' dir='ltr'>iique</span> <span class='ocrx_word' id='word_1_212' title='bbox 1164 2282 1333 2329; x_wconf 89' lang='lat' dir='ltr'>fertiles</span> <span class='ocrx_word' id='word_1_213' title='bbox 1351 2300 1402 2330; x_wconf 88' lang='lat' dir='ltr'>ac</span> <span class='ocrx_word' id='word_1_214' title='bbox 1430 2282 1594 2330; x_wconf 79' lang='lat' dir='ltr'>silvosi.</span> 
     </span>
     <span class='ocr_line' id='line_1_31' title="bbox 300 2355 1592 2420; baseline 0.002 -19"><span class='ocrx_word' id='word_1_215' title='bbox 300 2355 504 2402; x_wconf 76' lang='lat' dir='ltr'>statuerat</span> <span class='ocrx_word' id='word_1_216' title='bbox 535 2357 670 2420; x_wconf 83' lang='lat' dir='ltr'>igitur</span> <span class='ocrx_word' id='word_1_217' title='bbox 706 2355 902 2404; x_wconf 86' lang='lat' dir='ltr'>dominis</span> <span class='ocrx_word' id='word_1_218' title='bbox 935 2357 1143 2404; x_wconf 89' lang='lat' dir='ltr'>locorum</span> <span class='ocrx_word' id='word_1_219' title='bbox 1176 2356 1481 2414; x_wconf 83' lang='lat' dir='ltr'>incultorum,</span> <span class='ocrx_word' id='word_1_220' title='bbox 1513 2355 1592 2418; x_wconf 80' lang='lat' dir='ltr'>qui</span> 
     </span>
     <span class='ocr_line' id='line_1_32' title="bbox 298 2429 1591 2496; baseline 0.002 -21"><span class='ocrx_word' id='word_1_221' title='bbox 298 2440 448 2478; x_wconf 87' lang='lat' dir='ltr'>tamen</span> <span class='ocrx_word' id='word_1_222' title='bbox 480 2430 682 2492; x_wconf 90' lang='lat' dir='ltr'>vellent,</span> <span class='ocrx_word' id='word_1_223' title='bbox 708 2430 851 2496; x_wconf 90' lang='lat' dir='ltr'>pretia</span> <span class='ocrx_word' id='word_1_224' title='bbox 877 2431 1006 2491; x_wconf 82' lang='lat' dir='ltr'>dare,</span> <span class='ocrx_word' id='word_1_225' title='bbox 1028 2442 1163 2495; x_wconf 87' lang='lat' dir='ltr'>atque</span> <span class='ocrx_word' id='word_1_226' title='bbox 1182 2429 1274 2480; x_wconf 88' lang='lat' dir='ltr'>illic</span> <span class='ocrx_word' id='word_1_227' title='bbox 1302 2429 1490 2479; x_wconf 90' lang='lat' dir='ltr'>familias</span> <span class='ocrx_word' id='word_1_228' title='bbox 1517 2446 1591 2486; x_wconf 56' lang='lat' dir='ltr'>caq</span> 
     </span>
    </p>
   </div>
  </div>
 </body>
</html>
