1714 2807
330 167 427 234 306
544 166 778 217 'AELII
843 171 1419 223 LAMPR1D11

329 280 519 327 andrum
546 278 692 326 videri
715 279 924 336 volebat,
944 281 1066 342 quod
1096 282 1225 328 nimis
1251 282 1427 331 severus
1456 282 1503 330 in
1524 283 1614 331 mia

332 354 432 400 lites
463 365 580 407 erat,
606 354 732 416 quod
761 369 885 399 curas
906 354 1098 415 privatas
1116 356 1269 418 agebat
1291 375 1302 402 :
1334 375 1435 420 quae
1458 358 1611 406 omnia

330 423 380 472 in
411 425 635 487 republica
662 425 919 473 instituerat.
950 427 1054 473 Scio
1084 427 1182 474 sane
1213 429 1449 492 plerosque
1484 447 1611 493 nega-

331 515 407 556 re,
434 500 554 545 hunc
581 515 605 545 a
632 500 793 545 Senatu
830 499 1048 546 Caesarem
1082 501 1348 562 appellatum
1386 503 1469 550 effe
1490 539 1503 559 ‚
1537 504 1611 550 sed

333 589 359 620 a
391 572 635 618 militibus:
663 572 739 635 qui
772 589 929 619 verum
969 574 1148 633 prorsus
1186 575 1427 636 ignorant:
1464 576 1612 624 dicere

332 658 577 708 praeterea,
612 661 705 691 non
737 645 856 691 hunc
890 645 1014 691 fuiffe
1046 646 1366 693 consobrinum
1399 647 1610 711 Helioga-

330 718 452 766 bali:
482 718 585 779 qui,
607 731 653 764 ut
685 735 768 764 nos
801 718 1068 779 sequantur,
1100 719 1340 767 historicos
1368 718 1464 779 ejus
1495 734 1609 766 tem-

333 793 458 854 poris
485 792 655 854 legant,
688 794 735 838 &
756 791 943 837 maxime
974 792 1247 850 Acholium,
1273 793 1350 856 qui
1378 796 1426 840 &
1452 793 1610 841 itinera

332 863 466 922 hujus
493 863 707 924 Principis
736 863 916 922 scripsit.

402 937 542 982 LXV.
564 935 689 982 Soles
710 951 908 997 quaerere
922 970 934 992 ‚
953 934 1247 982 Constantine
1274 936 1481 994 maxime,
1501 935 1610 998 quid

333 1007 416 1064 fit,
436 1008 558 1067 quod
584 1007 811 1054 hominem
847 1009 1012 1071 Syrum
1041 1009 1091 1055 &
1125 1009 1414 1072 alienigenam
1434 1044 1447 1065 ‚
1476 1009 1608 1055 lalern

333 1079 585 1142 Principem
617 1080 802 1136 fecerit,
832 1097 931 1126 cum
969 1093 1036 1127 tot
1065 1081 1260 1127 Romani
1300 1081 1503 1144 generis,
1539 1092 1610 1128 tot

335 1151 519 1199 aliarum
549 1152 889 1214 provinciarum
916 1153 1196 1215 reperiantur
1222 1154 1444 1216 improbi,
1464 1153 1609 1215 impu-

336 1219 406 1283 ri,
433 1226 660 1283 crudeles,
696 1226 878 1286 abjeffi,
912 1225 1090 1286 injusti,
1127 1227 1364 1274 libidinofi.
1393 1228 1484 1273 Jam
1520 1226 1610 1288 pri-

335 1313 459 1344 mum
481 1297 654 1360 possum
682 1298 735 1344 de
754 1299 981 1344 bonorum
1009 1298 1209 1344 virorum
1230 1298 1493 1360 respondere
1512 1299 1611 1344 sen-

336 1371 504 1428 tentia,
523 1372 716 1434 potuisse
741 1385 893 1418 natura
910 1408 923 1431 ‚
945 1389 1046 1435 quae
1068 1371 1234 1434 ubique
1261 1389 1346 1418 una
1368 1386 1504 1418 mater
1522 1371 1608 1429 est,

336 1443 512 1491 bonum
538 1445 788 1507 Principem
810 1445 926 1492 nasci
947 1462 957 1490 z
980 1445 1136 1491 deinde
1163 1445 1349 1503 timore,
1372 1446 1495 1509 quod
1518 1444 1610 1508 pes-

336 1517 471 1566 fimus
510 1519 613 1565 effet
656 1519 858 1578 occisus,
895 1520 1013 1565 hunc
1055 1518 1275 1581 optimum
1315 1517 1491 1565 sabbam.
1524 1518 1609 1565 Sed

336 1590 443 1655 quia
473 1607 631 1637 verum
661 1591 720 1637 est
748 1590 1093 1654 suggerendum,
1113 1590 1358 1637 clementiae
1387 1607 1438 1639 ac
1458 1590 1610 1654 pietati

337 1674 426 1709 tuae
455 1663 563 1709 le&a
599 1663 814 1710 reserabo,
849 1676 1007 1709 notum
1047 1661 1108 1708 est
1147 1661 1256 1708 illud
1296 1662 1447 1724 pietati
1485 1675 1571 1709 tuae
1593 1698 1610 1720 ,

338 1736 466 1797 quod
493 1734 539 1779 in
575 1735 724 1780 Mario
753 1733 955 1780 Maximo
987 1734 1156 1797 legisti,
1179 1738 1378 1781 meliorem
1406 1733 1479 1799 effe
1509 1754 1610 1782 rem-

335 1812 546 1872 publicam
581 1806 624 1854 &
650 1827 779 1869 prope
808 1810 1017 1865 tutiorem,
1046 1811 1093 1853 in
1128 1826 1207 1869 qua
1243 1810 1440 1870 Princeps
1473 1814 1609 1855 malus

339 1883 413 1947 cst,
444 1900 521 1935 ea,
552 1883 598 1926 irz
621 1900 702 1941 qua
726 1881 829 1940 fimt
864 1882 986 1926 amici
1013 1881 1225 1942 Principis
1250 1885 1384 1927 mali:
1400 1881 1607 1945 siquidem

340 1972 448 2002 unus
475 1960 612 2000 malus
629 1955 755 2019 potest
777 1974 802 1999 a
816 1956 1012 2015 plurimis
1031 1955 1151 2000 bonis
1180 1956 1329 2017 corrigi
1342 1974 1362 2012 ;
1386 1959 1507 2000 multi
1528 1974 1607 2000 au-

341 2046 418 2077 tem
437 2032 538 2075 mali
567 2048 651 2074 non
672 2027 839 2093 poffimt
858 2032 909 2074 ab
934 2049 1017 2075 uno
1033 2064 1046 2087 ,
1064 2032 1252 2090 quamvis
1277 2031 1382 2075 bono
1396 2064 1409 2086 ‚
1436 2034 1524 2075 ulla
1544 2049 1609 2075 ra-

337 2103 450 2149 tione
468 2102 672 2162 superari.
700 2103 753 2147 Et
787 2101 830 2146 id
856 2101 1035 2163 quidem
1068 2100 1122 2147 ab
1150 2100 1350 2146 Homulo
1380 2099 1458 2162 ipsi
1492 2101 1609 2147 Tra*

336 2171 446 2236 jano
465 2174 626 2219 diflum
647 2171 731 2230 est,
753 2189 852 2220 cum
873 2173 946 2219 ille
967 2173 1156 2229 diceret,
1178 2172 1491 2220 Domitianum
1513 2172 1607 2235 pes-

338 2245 495 2293 fimum
514 2244 665 2303 fuiss‘e,
685 2247 854 2293 amicos
884 2258 1029 2292 autem
1060 2246 1208 2292 bonos
1236 2246 1452 2303 habuisse,
1473 2261 1605 2308 atque

338 2318 453 2364 adeo
482 2317 607 2363 illum
632 2306 766 2380 magis
793 2317 903 2364 odio
928 2317 1078 2375 fuiffe,
1096 2317 1172 2380 qui
1191 2317 1505 2379 rempublicam
1527 2333 1605 2378 pe-

338 2390 449 2452 joris
480 2391 584 2438 vitae
606 2391 866 2437 hominibus
893 2391 1307 2448 commendaverat,
1327 2389 1430 2453 quia
1452 2390 1607 2437 melius

340 2462 402 2510 est
431 2479 568 2508 unum
598 2463 759 2509 malum
790 2463 908 2525 pati,
934 2463 1272 2527 quammultos.

407 2537 566 2585 LXVI.
586 2538 640 2584 Et
658 2536 768 2585 utad
783 2553 874 2585 rem
887 2536 1339 2599 redeam,A1exander
1355 2535 1533 2597 quidem
1555 2537 1604 2584 &
