<?xml version="1.0" encoding="UTF-8"?>
<!DOCTYPE html PUBLIC "-//W3C//DTD XHTML 1.0 Transitional//EN"
    "http://www.w3.org/TR/xhtml1/DTD/xhtml1-transitional.dtd">
<html xmlns="http://www.w3.org/1999/xhtml" xml:lang="en" lang="en">
 <head>
  <title>
</title>
<meta http-equiv="Content-Type" content="text/html;charset=utf-8" />
  <meta name='ocr-system' content='tesseract 3.04.00' />
  <meta name='ocr-capabilities' content='ocr_page ocr_carea ocr_par ocr_line ocrx_word'/>
</head>
<body>
  <div class='ocr_page' id='page_1' title='image "./historiaeaugusta00bipouoft_0612.png"; bbox 0 0 1714 2807; ppageno 0'>
   <div class='ocr_carea' id='block_1_1' title="bbox 317 157 406 187">
    <p class='ocr_par' dir='ltr' id='par_1_1' title="bbox 317 157 406 187">
     <span class='ocr_line' id='line_1_1' title="bbox 317 157 406 187; baseline 0 0"><span class='ocrx_word' id='word_1_1' title='bbox 317 157 406 187; x_wconf 87' lang='lat'>202</span> 
     </span>
    </p>
   </div>
   <div class='ocr_carea' id='block_1_2' title="bbox 350 479 1561 549">
    <p class='ocr_par' dir='ltr' id='par_1_2' title="bbox 350 479 1561 549">
     <span class='ocr_line' id='line_1_2' title="bbox 350 479 1561 549; baseline 0.001 -2"><span class='ocrx_word' id='word_1_2' title='bbox 350 479 649 547; x_wconf 89' lang='lat' dir='ltr'><strong>FLAVII</strong></span> <span class='ocrx_word' id='word_1_3' title='bbox 691 479 1050 548; x_wconf 87' lang='lat' dir='ltr'>VOPISCI</span> <span class='ocrx_word' id='word_1_4' title='bbox 1089 480 1561 549; x_wconf 83' lang='lat' dir='ltr'><strong>SYRACUSII</strong></span> 
     </span>
    </p>
   </div>
   <div class='ocr_carea' id='block_1_3' title="bbox 477 684 1435 763">
    <p class='ocr_par' dir='ltr' id='par_1_3' title="bbox 477 684 1435 763">
     <span class='ocr_line' id='line_1_3' title="bbox 477 684 1435 763; baseline 0.003 -3"><span class='ocrx_word' id='word_1_5' title='bbox 477 684 1435 763; x_wconf 87' lang='lat' dir='ltr'><strong>FLORIANUS.</strong></span> 
     </span>
    </p>
   </div>
   <div class='ocr_carea' id='block_1_4' title="bbox 619 880 1285 893">
    <p class='ocr_par' dir='ltr' id='par_1_4' title="bbox 619 880 1285 893">
     <span class='ocr_line' id='line_1_4' title="bbox 619 880 1285 893; baseline 0.003 -2"><span class='ocrx_word' id='word_1_6' title='bbox 619 880 1285 893; x_wconf 50' lang='lat' dir='ltr'>—ss—-*</span> 
     </span>
    </p>
   </div>
   <div class='ocr_carea' id='block_1_5' title="bbox 309 1020 1603 2511">
    <p class='ocr_par' dir='ltr' id='par_1_5' title="bbox 309 1020 1603 2437">
     <span class='ocr_line' id='line_1_5' title="bbox 311 1020 1600 1122; baseline 0.002 -18"><span class='ocrx_word' id='word_1_7' title='bbox 311 1061 342 1106; x_wconf 93' lang='lat' dir='ltr'>I.</span> <span class='ocrx_word' id='word_1_8' title='bbox 379 1020 530 1108; x_wconf 84' lang='lat' dir='ltr'>HIC</span> <span class='ocrx_word' id='word_1_9' title='bbox 561 1057 694 1105; x_wconf 87' lang='lat' dir='ltr'>frater</span> <span class='ocrx_word' id='word_1_10' title='bbox 720 1057 871 1106; x_wconf 86' lang='lat' dir='ltr'>Taciti</span> <span class='ocrx_word' id='word_1_11' title='bbox 899 1074 1137 1122; x_wconf 84' lang='lat' dir='ltr'>germanus</span> <span class='ocrx_word' id='word_1_12' title='bbox 1161 1059 1272 1115; x_wconf 87' lang='lat' dir='ltr'>fuit,</span> <span class='ocrx_word' id='word_1_13' title='bbox 1291 1059 1368 1121; x_wconf 89' lang='lat' dir='ltr'>qui</span> <span class='ocrx_word' id='word_1_14' title='bbox 1395 1059 1494 1122; x_wconf 81' lang='lat' dir='ltr'>post</span> <span class='ocrx_word' id='word_1_15' title='bbox 1518 1058 1600 1111; x_wconf 87' lang='lat' dir='ltr'>fra·</span> 
     </span>
     <span class='ocr_line' id='line_1_6' title="bbox 311 1129 1603 1192; baseline 0 -16"><span class='ocrx_word' id='word_1_16' title='bbox 311 1144 423 1178; x_wconf 85' lang='lat' dir='ltr'>trem</span> <span class='ocrx_word' id='word_1_17' title='bbox 450 1129 636 1192; x_wconf 85' lang='lat' dir='ltr'>arripuit</span> <span class='ocrx_word' id='word_1_18' title='bbox 666 1129 935 1192; x_wconf 86' lang='lat' dir='ltr'>imperium,</span> <span class='ocrx_word' id='word_1_19' title='bbox 973 1148 1066 1178; x_wconf 86' lang='lat' dir='ltr'>non</span> <span class='ocrx_word' id='word_1_20' title='bbox 1096 1132 1283 1178; x_wconf 83' lang='lat' dir='ltr'>Senatus</span> <span class='ocrx_word' id='word_1_21' title='bbox 1307 1132 1570 1178; x_wconf 72' lang='lat' dir='ltr'>at=&amp;0ritate</span> <span class='ocrx_word' id='word_1_22' title='bbox 1588 1167 1603 1189; x_wconf 90' lang='lat'>,</span> 
     </span>
     <span class='ocr_line' id='line_1_7' title="bbox 311 1203 1602 1266; baseline 0 -16"><span class='ocrx_word' id='word_1_23' title='bbox 311 1205 383 1250; x_wconf 85' lang='lat' dir='ltr'>sed</span> <span class='ocrx_word' id='word_1_24' title='bbox 414 1205 494 1251; x_wconf 89' lang='lat' dir='ltr'>suo</span> <span class='ocrx_word' id='word_1_25' title='bbox 523 1216 680 1260; x_wconf 88' lang='lat' dir='ltr'>motu,</span> <span class='ocrx_word' id='word_1_26' title='bbox 709 1203 829 1266; x_wconf 86' lang='lat' dir='ltr'>quafi</span> <span class='ocrx_word' id='word_1_27' title='bbox 859 1203 1174 1250; x_wconf 88' lang='lat' dir='ltr'>hereditarium</span> <span class='ocrx_word' id='word_1_28' title='bbox 1205 1204 1309 1251; x_wconf 82' lang='lat' dir='ltr'>effet</span> <span class='ocrx_word' id='word_1_29' title='bbox 1339 1204 1602 1266; x_wconf 86' lang='lat' dir='ltr'>imperium:</span> 
     </span>
     <span class='ocr_line' id='line_1_8' title="bbox 311 1275 1599 1335; baseline -0.002 -12"><span class='ocrx_word' id='word_1_30' title='bbox 311 1293 414 1323; x_wconf 87' lang='lat' dir='ltr'>cum</span> <span class='ocrx_word' id='word_1_31' title='bbox 447 1275 577 1324; x_wconf 73' lang='lat' dir='ltr'>sciret</span> <span class='ocrx_word' id='word_1_32' title='bbox 594 1311 609 1334; x_wconf 85' lang='lat'>,</span> <span class='ocrx_word' id='word_1_33' title='bbox 629 1275 880 1333; x_wconf 79' lang='lat' dir='ltr'>adjuratum</span> <span class='ocrx_word' id='word_1_34' title='bbox 910 1275 994 1322; x_wconf 78' lang='lat' dir='ltr'>effe</span> <span class='ocrx_word' id='word_1_35' title='bbox 1015 1275 1061 1321; x_wconf 89' lang='lat' dir='ltr'>in</span> <span class='ocrx_word' id='word_1_36' title='bbox 1082 1277 1245 1322; x_wconf 85' lang='lat' dir='ltr'>Senatu</span> <span class='ocrx_word' id='word_1_37' title='bbox 1267 1277 1475 1323; x_wconf 80' lang='lat' dir='ltr'>Tacitum</span> <span class='ocrx_word' id='word_1_38' title='bbox 1491 1314 1507 1335; x_wconf 91' lang='lat'>,</span> <span class='ocrx_word' id='word_1_39' title='bbox 1525 1289 1599 1334; x_wconf 83' lang='lat' dir='ltr'>ut,</span> 
     </span>
     <span class='ocr_line' id='line_1_9' title="bbox 313 1347 1599 1412; baseline 0.002 -19"><span class='ocrx_word' id='word_1_40' title='bbox 313 1365 416 1394; x_wconf 86' lang='lat' dir='ltr'>cum</span> <span class='ocrx_word' id='word_1_41' title='bbox 437 1347 554 1393; x_wconf 86' lang='lat' dir='ltr'>mori</span> <span class='ocrx_word' id='word_1_42' title='bbox 579 1347 805 1410; x_wconf 67' lang='lat' dir='ltr'>coepisset,</span> <span class='ocrx_word' id='word_1_43' title='bbox 826 1364 920 1394; x_wconf 92' lang='lat' dir='ltr'>non</span> <span class='ocrx_word' id='word_1_44' title='bbox 950 1348 1116 1395; x_wconf 87' lang='lat' dir='ltr'>liberos</span> <span class='ocrx_word' id='word_1_45' title='bbox 1138 1349 1264 1406; x_wconf 89' lang='lat' dir='ltr'>suos,</span> <span class='ocrx_word' id='word_1_46' title='bbox 1283 1349 1355 1395; x_wconf 87' lang='lat' dir='ltr'>sed</span> <span class='ocrx_word' id='word_1_47' title='bbox 1375 1350 1599 1412; x_wconf 90' lang='lat' dir='ltr'>optimum</span> 
     </span>
     <span class='ocr_line' id='line_1_10' title="bbox 310 1419 1600 1484; baseline 0.002 -18"><span class='ocrx_word' id='word_1_48' title='bbox 310 1420 504 1483; x_wconf 82' lang='lat' dir='ltr'>aliquem</span> <span class='ocrx_word' id='word_1_49' title='bbox 543 1419 794 1482; x_wconf 84' lang='lat' dir='ltr'>Principem</span> <span class='ocrx_word' id='word_1_50' title='bbox 829 1419 1007 1467; x_wconf 87' lang='lat' dir='ltr'>faceret.</span> <span class='ocrx_word' id='word_1_51' title='bbox 1043 1422 1255 1484; x_wconf 87' lang='lat' dir='ltr'>Denique</span> <span class='ocrx_word' id='word_1_52' title='bbox 1292 1422 1600 1469; x_wconf 78' lang='lat' dir='ltr'>vix‚duobus</span> 
     </span>
     <span class='ocr_line' id='line_1_11' title="bbox 312 1493 1598 1555; baseline 0.002 -15"><span class='ocrx_word' id='word_1_53' title='bbox 312 1494 535 1540; x_wconf 74' lang='lat' dir='ltr'>mensibus</span> <span class='ocrx_word' id='word_1_54' title='bbox 557 1493 793 1555; x_wconf 86' lang='lat' dir='ltr'>imperium</span> <span class='ocrx_word' id='word_1_55' title='bbox 813 1494 955 1540; x_wconf 89' lang='lat' dir='ltr'>tenuit</span> <span class='ocrx_word' id='word_1_56' title='bbox 970 1496 1045 1550; x_wconf 89' lang='lat'>‚&amp;</span> <span class='ocrx_word' id='word_1_57' title='bbox 1066 1495 1239 1542; x_wconf 86' lang='lat' dir='ltr'>occisus</span> <span class='ocrx_word' id='word_1_58' title='bbox 1258 1494 1319 1541; x_wconf 89' lang='lat' dir='ltr'>est</span> <span class='ocrx_word' id='word_1_59' title='bbox 1335 1495 1495 1541; x_wconf 74' lang='lat' dir='ltr'>Tarsia</span> <span class='ocrx_word' id='word_1_60' title='bbox 1517 1495 1598 1542; x_wconf 89' lang='lat' dir='ltr'>mi-</span> 
     </span>
     <span class='ocr_line' id='line_1_12' title="bbox 310 1564 1602 1628; baseline 0.003 -19"><span class='ocrx_word' id='word_1_61' title='bbox 310 1564 482 1622; x_wconf 83' lang='lat' dir='ltr'>litibus,</span> <span class='ocrx_word' id='word_1_62' title='bbox 501 1564 577 1627; x_wconf 91' lang='lat' dir='ltr'>qui</span> <span class='ocrx_word' id='word_1_63' title='bbox 590 1565 786 1612; x_wconf 85' lang='lat' dir='ltr'>Probum</span> <span class='ocrx_word' id='word_1_64' title='bbox 807 1565 1040 1612; x_wconf 81' lang='lat' dir='ltr'>audierant</span> <span class='ocrx_word' id='word_1_65' title='bbox 1053 1565 1433 1628; x_wconf 82' lang='lat' dir='ltr'>imperare‚quem</span> <span class='ocrx_word' id='word_1_66' title='bbox 1452 1567 1602 1613; x_wconf 85' lang='lat' dir='ltr'>omnis</span> 
     </span>
     <span class='ocr_line' id='line_1_13' title="bbox 311 1638 1599 1703; baseline 0.003 -20"><span class='ocrx_word' id='word_1_67' title='bbox 311 1639 538 1685; x_wconf 87' lang='lat' dir='ltr'>exercitus</span> <span class='ocrx_word' id='word_1_68' title='bbox 571 1638 749 1703; x_wconf 82' lang='lat' dir='ltr'>legerat.</span> <span class='ocrx_word' id='word_1_69' title='bbox 773 1640 948 1685; x_wconf 86' lang='lat' dir='ltr'>Tantus</span> <span class='ocrx_word' id='word_1_70' title='bbox 976 1652 1122 1686; x_wconf 90' lang='lat' dir='ltr'>autem</span> <span class='ocrx_word' id='word_1_71' title='bbox 1153 1640 1325 1686; x_wconf 86' lang='lat' dir='ltr'>Probus</span> <span class='ocrx_word' id='word_1_72' title='bbox 1359 1638 1446 1686; x_wconf 88' lang='lat' dir='ltr'>fuit</span> <span class='ocrx_word' id='word_1_73' title='bbox 1480 1640 1526 1686; x_wconf 91' lang='lat' dir='ltr'>in</span> <span class='ocrx_word' id='word_1_74' title='bbox 1553 1656 1599 1687; x_wconf 89' lang='lat' dir='ltr'>re</span> 
     </span>
     <span class='ocr_line' id='line_1_14' title="bbox 310 1710 1602 1774; baseline 0 -17"><span class='ocrx_word' id='word_1_75' title='bbox 310 1710 517 1769; x_wconf 85' lang='lat' dir='ltr'>militari,</span> <span class='ocrx_word' id='word_1_76' title='bbox 549 1722 599 1757; x_wconf 90' lang='lat' dir='ltr'>ut</span> <span class='ocrx_word' id='word_1_77' title='bbox 628 1712 756 1758; x_wconf 88' lang='lat' dir='ltr'>illum</span> <span class='ocrx_word' id='word_1_78' title='bbox 786 1713 971 1757; x_wconf 87' lang='lat' dir='ltr'>Senatus</span> <span class='ocrx_word' id='word_1_79' title='bbox 1005 1723 1211 1773; x_wconf 87' lang='lat' dir='ltr'>optaret,</span> <span class='ocrx_word' id='word_1_80' title='bbox 1237 1711 1364 1757; x_wconf 89' lang='lat' dir='ltr'>miles</span> <span class='ocrx_word' id='word_1_81' title='bbox 1395 1711 1602 1774; x_wconf 85' lang='lat' dir='ltr'>eligeret,</span> 
     </span>
     <span class='ocr_line' id='line_1_15' title="bbox 309 1782 1603 1846; baseline 0.001 -17"><span class='ocrx_word' id='word_1_82' title='bbox 309 1782 402 1846; x_wconf 86' lang='lat' dir='ltr'>ipse</span> <span class='ocrx_word' id='word_1_83' title='bbox 417 1784 613 1845; x_wconf 87' lang='lat' dir='ltr'>populus</span> <span class='ocrx_word' id='word_1_84' title='bbox 627 1786 861 1831; x_wconf 84' lang='lat' dir='ltr'>Romanus</span> <span class='ocrx_word' id='word_1_85' title='bbox 878 1783 1282 1830; x_wconf 83' lang='lat' dir='ltr'>acclamationibus</span> <span class='ocrx_word' id='word_1_86' title='bbox 1303 1795 1486 1845; x_wconf 86' lang='lat' dir='ltr'>peteret.</span> <span class='ocrx_word' id='word_1_87' title='bbox 1503 1784 1603 1830; x_wconf 84' lang='lat' dir='ltr'>Fuit</span> 
     </span>
     <span class='ocr_line' id='line_1_16' title="bbox 309 1857 1600 1913; baseline 0.002 -12"><span class='ocrx_word' id='word_1_88' title='bbox 309 1857 441 1903; x_wconf 83' lang='lat' dir='ltr'>etiam</span> <span class='ocrx_word' id='word_1_89' title='bbox 465 1858 703 1904; x_wconf 74' lang='lat' dir='ltr'>florianus</span> <span class='ocrx_word' id='word_1_90' title='bbox 727 1875 905 1905; x_wconf 88' lang='lat' dir='ltr'>morum</span> <span class='ocrx_word' id='word_1_91' title='bbox 931 1857 1077 1904; x_wconf 86' lang='lat' dir='ltr'>fratris</span> <span class='ocrx_word' id='word_1_92' title='bbox 1100 1857 1326 1913; x_wconf 88' lang='lat' dir='ltr'>imitator,</span> <span class='ocrx_word' id='word_1_93' title='bbox 1346 1873 1431 1902; x_wconf 90' lang='lat' dir='ltr'>nec</span> <span class='ocrx_word' id='word_1_94' title='bbox 1451 1871 1600 1905; x_wconf 87' lang='lat' dir='ltr'>tamen</span> 
     </span>
     <span class='ocr_line' id='line_1_17' title="bbox 310 1929 1600 1994; baseline 0.001 -17"><span class='ocrx_word' id='word_1_95' title='bbox 310 1930 647 1994; x_wconf 83' lang='lat' dir='ltr'>usquequaque.</span> <span class='ocrx_word' id='word_1_96' title='bbox 671 1949 771 1977; x_wconf 88' lang='lat' dir='ltr'>nam</span> <span class='ocrx_word' id='word_1_97' title='bbox 791 1931 1056 1977; x_wconf 85' lang='lat' dir='ltr'>effufionem</span> <span class='ocrx_word' id='word_1_98' title='bbox 1079 1930 1124 1975; x_wconf 92' lang='lat' dir='ltr'>in</span> <span class='ocrx_word' id='word_1_99' title='bbox 1148 1946 1203 1976; x_wconf 89' lang='lat' dir='ltr'>eo</span> <span class='ocrx_word' id='word_1_100' title='bbox 1234 1929 1370 1976; x_wconf 87' lang='lat' dir='ltr'>frater</span> <span class='ocrx_word' id='word_1_101' title='bbox 1389 1929 1508 1994; x_wconf 86' lang='lat' dir='ltr'>frugi</span> <span class='ocrx_word' id='word_1_102' title='bbox 1530 1948 1600 1978; x_wconf 91' lang='lat' dir='ltr'>re·</span> 
     </span>
     <span class='ocr_line' id='line_1_18' title="bbox 311 2003 1601 2066; baseline 0.002 -17"><span class='ocrx_word' id='word_1_103' title='bbox 311 2003 632 2066; x_wconf 83' lang='lat' dir='ltr'>prehendebat:</span> <span class='ocrx_word' id='word_1_104' title='bbox 655 2005 704 2051; x_wconf 87' lang='lat'>&amp;</span> <span class='ocrx_word' id='word_1_105' title='bbox 731 2003 827 2050; x_wconf 82' lang='lat' dir='ltr'>haec</span> <span class='ocrx_word' id='word_1_106' title='bbox 852 2003 941 2065; x_wconf 84' lang='lat' dir='ltr'>ipsa</span> <span class='ocrx_word' id='word_1_107' title='bbox 960 2003 1208 2064; x_wconf 88' lang='lat' dir='ltr'>imperandi</span> <span class='ocrx_word' id='word_1_108' title='bbox 1233 2003 1483 2064; x_wconf 86' lang='lat' dir='ltr'>cupiditas,</span> <span class='ocrx_word' id='word_1_109' title='bbox 1504 2003 1601 2052; x_wconf 85' lang='lat' dir='ltr'>aliis</span> 
     </span>
     <span class='ocr_line' id='line_1_19' title="bbox 311 2078 1600 2142; baseline 0.002 -17"><span class='ocrx_word' id='word_1_110' title='bbox 311 2096 415 2126; x_wconf 88' lang='lat' dir='ltr'>eum</span> <span class='ocrx_word' id='word_1_111' title='bbox 452 2080 655 2126; x_wconf 88' lang='lat' dir='ltr'>moribus</span> <span class='ocrx_word' id='word_1_112' title='bbox 691 2080 885 2126; x_wconf 87' lang='lat' dir='ltr'>ostendit</span> <span class='ocrx_word' id='word_1_113' title='bbox 915 2079 1068 2135; x_wconf 81' lang='lat' dir='ltr'>fuiffe,</span> <span class='ocrx_word' id='word_1_114' title='bbox 1092 2095 1225 2142; x_wconf 84' lang='lat' dir='ltr'>quam</span> <span class='ocrx_word' id='word_1_115' title='bbox 1261 2078 1459 2128; x_wconf 85' lang='lat' dir='ltr'>fratrem.</span> <span class='ocrx_word' id='word_1_116' title='bbox 1488 2081 1600 2127; x_wconf 88' lang='lat' dir='ltr'>Duo</span> 
     </span>
     <span class='ocr_line' id='line_1_20' title="bbox 310 2153 1599 2218; baseline -0.001 -18"><span class='ocrx_word' id='word_1_117' title='bbox 310 2154 456 2218; x_wconf 75' lang='lat' dir='ltr'>igitur‘</span> <span class='ocrx_word' id='word_1_118' title='bbox 473 2153 700 2215; x_wconf 84' lang='lat' dir='ltr'>Principes</span> <span class='ocrx_word' id='word_1_119' title='bbox 728 2171 815 2200; x_wconf 90' lang='lat' dir='ltr'>una</span> <span class='ocrx_word' id='word_1_120' title='bbox 839 2153 1104 2200; x_wconf 83' lang='lat' dir='ltr'>exstiterunt</span> <span class='ocrx_word' id='word_1_121' title='bbox 1124 2153 1291 2199; x_wconf 92' lang='lat' dir='ltr'>domo:</span> <span class='ocrx_word' id='word_1_122' title='bbox 1317 2169 1512 2216; x_wconf 83' lang='lat' dir='ltr'>quorum</span> <span class='ocrx_word' id='word_1_123' title='bbox 1536 2154 1599 2200; x_wconf 84' lang='lat' dir='ltr'>al-</span> 
     </span>
     <span class='ocr_line' id='line_1_21' title="bbox 312 2225 1600 2288; baseline -0.001 -14"><span class='ocrx_word' id='word_1_124' title='bbox 312 2239 380 2274; x_wconf 85' lang='lat' dir='ltr'>ter</span> <span class='ocrx_word' id='word_1_125' title='bbox 414 2228 487 2274; x_wconf 85' lang='lat' dir='ltr'>sex</span> <span class='ocrx_word' id='word_1_126' title='bbox 518 2225 764 2283; x_wconf 86' lang='lat' dir='ltr'>menfibus,</span> <span class='ocrx_word' id='word_1_127' title='bbox 783 2227 890 2273; x_wconf 82' lang='lat' dir='ltr'>alter</span> <span class='ocrx_word' id='word_1_128' title='bbox 920 2227 997 2272; x_wconf 84' lang='lat' dir='ltr'>vix</span> <span class='ocrx_word' id='word_1_129' title='bbox 1018 2227 1221 2283; x_wconf 89' lang='lat' dir='ltr'>duobus,</span> <span class='ocrx_word' id='word_1_130' title='bbox 1242 2225 1600 2288; x_wconf 84' lang='lat' dir='ltr'>imperaverunt,</span> 
     </span>
     <span class='ocr_line' id='line_1_22' title="bbox 312 2299 1598 2365; baseline 0 -18"><span class='ocrx_word' id='word_1_131' title='bbox 312 2301 431 2365; x_wconf 76' lang='lat' dir='ltr'>quasi</span> <span class='ocrx_word' id='word_1_132' title='bbox 457 2302 636 2365; x_wconf 87' lang='lat' dir='ltr'>quidam</span> <span class='ocrx_word' id='word_1_133' title='bbox 665 2302 904 2365; x_wconf 80' lang='lat' dir='ltr'>interreges</span> <span class='ocrx_word' id='word_1_134' title='bbox 933 2301 1050 2347; x_wconf 89' lang='lat' dir='ltr'>inter</span> <span class='ocrx_word' id='word_1_135' title='bbox 1088 2299 1379 2346; x_wconf 88' lang='lat' dir='ltr'>Aurelianum</span> <span class='ocrx_word' id='word_1_136' title='bbox 1410 2302 1460 2348; x_wconf 89' lang='lat'>&amp;</span> <span class='ocrx_word' id='word_1_137' title='bbox 1490 2302 1598 2347; x_wconf 87' lang='lat' dir='ltr'>Pro·</span> 
     </span>
     <span class='ocr_line' id='line_1_23' title="bbox 313 2372 1417 2437; baseline -0.001 -16"><span class='ocrx_word' id='word_1_138' title='bbox 313 2374 419 2421; x_wconf 85' lang='lat' dir='ltr'>bum</span> <span class='ocrx_word' id='word_1_139' title='bbox 433 2410 446 2432; x_wconf 96' lang='lat'>,</span> <span class='ocrx_word' id='word_1_140' title='bbox 465 2374 565 2434; x_wconf 80' lang='lat' dir='ltr'>post</span> <span class='ocrx_word' id='word_1_141' title='bbox 585 2375 890 2437; x_wconf 85' lang='lat' dir='ltr'>interregnum</span> <span class='ocrx_word' id='word_1_142' title='bbox 910 2372 1137 2435; x_wconf 88' lang='lat' dir='ltr'>Principes</span> <span class='ocrx_word' id='word_1_143' title='bbox 1158 2372 1417 2435; x_wconf 86' lang='lat' dir='ltr'>nuncupati.</span> 
     </span>
    </p>

    <p class='ocr_par' dir='ltr' id='par_1_6' title="bbox 379 2448 1594 2511">
     <span class='ocr_line' id='line_1_24' title="bbox 379 2448 1594 2511; baseline 0 -16"><span class='ocrx_word' id='word_1_144' title='bbox 379 2452 430 2499; x_wconf 87' lang='lat'>11.</span> <span class='ocrx_word' id='word_1_145' title='bbox 462 2451 638 2498; x_wconf 87' lang='lat' dir='ltr'>Horum</span> <span class='ocrx_word' id='word_1_146' title='bbox 678 2450 827 2498; x_wconf 77' lang='lat' dir='ltr'>statuae</span> <span class='ocrx_word' id='word_1_147' title='bbox 856 2449 1040 2498; x_wconf 88' lang='lat' dir='ltr'>fuerunt</span> <span class='ocrx_word' id='word_1_148' title='bbox 1071 2453 1332 2496; x_wconf 74' lang='lat' dir='ltr'>Interamnae</span> <span class='ocrx_word' id='word_1_149' title='bbox 1362 2448 1484 2508; x_wconf 80' lang='lat' dir='ltr'>duae,</span> <span class='ocrx_word' id='word_1_150' title='bbox 1519 2463 1594 2511; x_wconf 82' lang='lat' dir='ltr'>pe·-</span> 
     </span>
    </p>
   </div>
  </div>
 </body>
</html>
