1714 2807
333 195 420 226 212
603 181 821 226 JULII
874 182 1375 230 CAP1TOL1N1

326 303 425 333 tunc
458 288 616 331 demum
652 286 759 331 enim
773 286 949 349 florente
982 291 1183 348 republica
1218 287 1260 335 δ’
1291 306 1432 334 omnes
1452 289 1600 348 filices

321 359 513 423 effemus,
532 357 660 418 &sub
679 379 724 406 eo
745 362 934 422 Principe
953 365 1173 410 viveremus
1191 399 1204 421 ‚
1225 383 1339 425 quem
1358 367 1477 410 nobis
1498 370 1597 411 An·-

324 436 556 480 toninorutn
587 438 675 480 loco
701 436 792 481 Dii
823 438 1028 482 dederant.
1063 441 1210 484 Verum
1247 441 1345 499 quia
1377 441 1424 483 id
1443 440 1598 485 evenire

316 527 394 569 per
417 510 637 552 tumultum
673 509 894 554 militarem
926 528 1008 555 non
1036 514 1206 570 potuit,
1231 515 1476 556 nuntiamus
1504 511 1598 570 pri-

321 602 437 632 mum
454 617 467 638 ,
499 585 603 644 quid
630 585 678 628 de
709 585 828 628 nobis
847 586 1043 630 exercitus
1061 584 1239 642 fecerit:
1268 589 1412 631 deinde
1429 588 1599 631 honores

323 658 491 706 divinos
520 658 665 718 (quod
685 660 868 717 primurn
889 657 1137 715 faciendum
1157 659 1240 722 est)
1279 663 1527 705 decernimus
1561 661 1598 704 ei

319 735 406 781 viro
423 768 436 787 ‚
465 734 509 777 in
536 730 653 786 cujus
673 733 790 775 verba
807 731 1042 785 juravimus
1058 751 1076 786 ;
1094 750 1182 777 cuin
1207 736 1405 777 exercitus
1425 737 1595 777 ultorem

322 809 443 854 caedis
464 803 654 865 Baffiani
679 806 879 849 neminem
903 806 1127 866 digniorem
1153 805 1349 863 Prcefec'io
1367 806 1453 859 ejus
1464 821 1599 864 puta·-

319 883 403 933 νίι,
424 880 489 922 cui
508 874 550 921 ἃ
573 876 656 936 ipse
671 879 805 936 utique
822 878 1121 921 vindicandam
1143 875 1372 934 faHionern
1394 878 1598 936 mandas-

309 951 445 1014 set,si
455 951 574 994 vivus
588 950 820 1008 deprendere
828 945 1035 1009 potuiffet.
1052 949 1102 992 Et
1122 946 1233 993 infra
1249 965 1257 992 :
1274 951 1527 993 Detulerunt
1539 951 1599 993 ad

321 1042 381 1069 me
402 1022 636 1080 imperium,
661 1020 778 1075 cujus
795 1037 891 1081 ego,
915 1022 1058 1064 Patres
1081 1020 1329 1081 conscripti,
1349 1022 1508 1064 interim
1533 1035 1598 1066 tu-

320 1103 440 1146 telam
462 1098 585 1156 recepi
597 1115 616 1151 ;
632 1097 770 1139 tenebo
785 1096 955 1154 regimen
971 1093 1038 1156 ‚si
1061 1091 1102 1138 ἐξ)
1121 1096 1238 1139 vobis
1251 1095 1470 1154 placuerit,
1487 1098 1601 1154 quod

321 1171 523 1218 militibus
546 1168 730 1228 placuit,
749 1169 896 1226 quibus
917 1164 1219 1231 &stipendium
1249 1169 1343 1211 dedi
1359 1201 1372 1223 ,
1393 1163 1435 1212 δ’
1455 1169 1601 1212 omnia*

320 1241 582 1303 imperatorio
613 1257 717 1284 more
732 1235 849 1301 jnffi.
883 1242 989 1283 item
1025 1237 1166 1283 infra:
1193 1241 1515 1284 Diadumenum
1536 1242 1598 1299 fi-

319 1318 422 1361 lium
453 1331 584 1358 meum
612 1313 729 1356 vobis
752 1325 920 1358 notum.
953 1307 995 1355 fr
1024 1311 1192 1370 irnperio
1225 1313 1340 1354 miles
1360 1313 1533 1355 donavit
1552 1309 1594 1356 δ’

321 1389 486 1434 nomine
500 1421 512 1441 ‚
540 1385 804 1430 Antoninum
833 1385 1019 1429 videlicet
1035 1386 1251 1444 appellans
1269 1418 1280 1437 ,
1301 1399 1347 1428 ut
1364 1385 1595 1451 cohonesta-

320 1479 424 1510 retur
437 1461 557 1521 prius
587 1462 756 1503 nomine
771 1494 780 1513 ‚
792 1458 858 1522 sic
884 1459 1008 1502 etiarn
1040 1460 1152 1520 regni
1170 1460 1344 1503 honore:
1361 1461 1471 1517 quod
1486 1475 1560 1503 vos
1579 1492 1595 1514 ,

320 1539 467 1583 Patres
505 1532 725 1591 conscripti
748 1566 759 1585 ‚
795 1533 902 1575 bono
938 1529 1156 1595 faustoque
1194 1532 1328 1573 omine
1368 1533 1595 1590 approbetis

312 1610 489 1669 petimus
508 1639 521 1662 ‚
553 1623 601 1649 ne
636 1606 751 1648 vobis
787 1603 886 1667 defit
916 1605 1228 1647 Antoninorum
1262 1607 1411 1646 nomen
1434 1635 1447 1657 ‚
1483 1605 1596 1662 quod

318 1681 501 1726 maxime
525 1678 717 1737 diligitis.
750 1676 855 1720 Item
890 1672 1032 1719 infra:
1067 1676 1293 1718 Antonino
1312 1690 1445 1718 autern
1477 1677 1594 1718 divi-

317 1771 395 1799 nos
428 1754 596 1796 honores
629 1746 671 1794 6*
698 1749 814 1792 miles
843 1749 1013 1791 decrevit
1031 1782 1041 1801 ,
1070 1745 1111 1792 ἃ·
1137 1765 1213 1792 nos
1240 1750 1485 1791 decrevimus
1503 1762 1518 1789 .·
1550 1743 1594 1791 G·

316 1844 392 1874 vos
413 1861 425 1880 ‚
463 1826 605 1868 Patres
631 1821 850 1882 conscripti
871 1856 882 1874 ‚
919 1835 964 1865 ut
998 1822 1221 1865 decernatis
1243 1853 1255 1875 ‚
1289 1808 1377 1865 curn
1399 1817 1592 1879 pcjffitnus

320 1897 580 1958 imperatorio
598 1894 692 1949 jure
722 1896 956 1953 pracipere,
982 1907 1118 1936 tamen
1151 1908 1342 1952 rogamus
1358 1909 1376 1944 ;
1409 1893 1593 1935 dicantes

314 1969 360 2016 δ’
380 1973 483 2014 duas
494 1967 661 2030 statuas
685 1966 867 2029 equestres
884 2001 894 2018 ‚
916 1964 1110 2027 pedestres
1136 1967 1243 2008 duas
1270 1966 1411 2007 habitu
1431 1964 1592 2007 milita-

318 2047 354 2090 ri
370 2078 382 2097 .,
393 2042 580 2101 sedentes
611 2041 724 2083 civili
752 2039 893 2082 habitu
917 2039 1024 2081 duas
1038 2054 1057 2090 ;
1079 2039 1170 2080 item
1195 2038 1293 2080 divo
1321 2038 1463 2079 Severo
1484 2038 1591 2079 duas

318 2115 596 2173 triumphales.
652 2111 757 2170 Qua:
799 2112 941 2154 omnia
967 2144 980 2164 ‚
1020 2110 1165 2153 Patres
1216 2109 1433 2166 confiripti
1456 2141 1469 2164 ,
1517 2125 1592 2152 vos

317 2190 476 2248 impleri
499 2185 732 2242 jubebitis,
767 2186 886 2228 nobis
916 2182 1098 2243 religiose
1116 2201 1193 2242 pro
1215 2184 1425 2242 prioribus
1451 2183 1590 2226 ambi-

316 2263 492 2308 entibus.

380 2335 478 2376 N'll.
504 2329 644 2375 Leffis
672 2326 805 2390 igitur
835 2325 879 2371 in
908 2327 1070 2371 Senatu
1102 2325 1261 2381 literis,
1297 2336 1453 2370 contra
1484 2324 1589 2385 opi-

318 2404 500 2450 nionem
521 2400 723 2446 omnium
746 2401 795 2446 ὅ(
818 2411 1008 2443 mortem
1039 2397 1259 2442 Antonini
1279 2398 1462 2442 Senatus
1488 2413 1589 2458 grc-

317 2489 461 2523 tanter
491 2473 752 2536 accepit,&
788 2471 991 2535 Opilium
1026 2470 1275 2518 Macrinum
1295 2504 1309 2528 ‚
1339 2469 1590 2516 libertatem
