1637 2785
243 129 561 178 Divus
628 129 1179 178 CLAUDltJS.
1292 146 1375 197 ¹43

99 237 242 286 bilitat
259 274 271 296 ‚
295 237 565 286 Celticarum
584 237 601 283 ?
620 239 721 284 Hoc
742 249 889 282 totum
910 237 970 284 ad
993 237 1168 284 Claudii
1191 238 1377 301 gloriam

100 312 308 373 pertinet.
345 310 563 356 Claudius
603 310 650 356 &
685 308 916 355 securitate
942 311 1259 372 rempublicam
1282 348 1296 369 ‚
1332 314 1383 361 ὅ(

102 383 347 444 opulentiae
386 381 611 427 nimietate
645 381 852 428 donavit.
887 382 1138 444 Pugnatum
1169 400 1385 448 praeterea

102 458 162 503 est
181 457 300 518 apud
320 456 588 520 Byzantios,
607 455 707 518 ipsis
726 491 738 512 ‚
760 456 835 518 qui
855 455 1156 517 superfuerant
1172 494 1184 516 ,
1209 462 1383 523 Byzan·

105 529 177 578 tiis
211 531 385 577 fortiter
425 530 702 577 facientibus.
734 542 976 592 pugnatum
1006 533 1122 591 apud
1157 533 1388 580 Thess‘alo-

104 603 330 660 nicenses,
360 618 476 664 quos
507 601 702 648 Claudio
735 601 913 648 absente
943 602 1208 650 obsederant
1238 606 1390 652 barba-

106 674 160 722 ri.
185 687 428 737 pugnatum
458 674 502 718 in
519 673 699 719 diversis
718 673 1002 736 regionibus;
1031 675 1081 722 &
1113 675 1280 736 ubique
1308 694 1390 723 au-

106 747 251 809 spiciis
281 746 540 793 Claudianis
575 745 681 792 viui
710 745 809 792 sunt
833 747 1004 801 Gothi,
1029 748 1207 809 prorsus
1232 765 1282 795 ut
1302 749 1389 809 jam

106 834 212 868 tunc
252 819 523 867 Constantio
557 818 722 865 Caesari
761 819 916 881 nepoti
960 819 1114 866 futuro
1158 821 1386 870 videretur

108 892 326 940 Claudius
356 891 549 936 securam
584 906 739 951 parare
766 890 1101 952 rempublicam.

192 964 253 1010 X.
281 965 336 1009 Et
366 962 479 1008 bene
522 961 644 1007 venit
677 959 722 1006 in
762 975 982 1018 mentem,
1018 961 1306 1024 exprimenda
1334 963 1397 1011 est

109 1035 232 1091 sors,
258 1052 360 1097 quae
388 1032 585 1080 Claudio
616 1033 711 1079 data
737 1034 821 1080 esse
845 1034 1125 1103 perbihetur:
1147 1051 1203 1082 eo
1231 1036 1394 1099 magis,

110 1122 158 1155 ut
186 1107 435 1170 intelligant
467 1121 625 1152 omnes
642 1140 663 1169 ‚¹
689 1121 826 1168 genus
851 1106 1031 1152 Claudii
1058 1107 1112 1153 ad
1138 1107 1394 1156 felicitatem

110 1180 369 1243 reipublicae
407 1177 623 1225 divinitus
656 1178 966 1224 constitutum.
994 1180 1109 1225 Nam
1139 1197 1239 1227 curn
1278 1197 1394 1228 con·

111 1253 271 1300 suleret
293 1252 429 1299 facins
460 1253 732 1313 imperator,
756 1251 973 1315 quamdiu
1001 1251 1301 1317 imperaturus
1325 1253 1394 1303 es-

111 1327 202 1383 set,
230 1325 324 1373 sors
357 1324 454 1371 talis
481 1323 681 1370 emersit:

177 1402 241 1446 Tu
253 1435 266 1458 ‚
288 1401 359 1460 qui
375 1417 486 1444 nunc
496 1401 663 1459 patrias
681 1400 884 1460 gubernas
903 1418 999 1446 oras
1011 1434 1027 1457 ,

177 1477 240 1520 Et
262 1476 462 1518 mundum
483 1472 585 1533 regis
602 1506 614 1526 ‚
633 1472 782 1516 arbiter
800 1474 990 1518 Deorum
1004 1490 1026 1528 ,⁸

177 1569 202 1580 —
237 1571 254 1580 ·
290 1569 310 1579 -
349 1547 396 1589 in
416 1558 559 1588 veteres
579 1543 664 1587 tuis
682 1546 861 1589 novellis
869 1561 891 1597 ;

180 1621 435 1681 Regnabunt
455 1621 597 1663 etenim
618 1619 680 1662 tui
698 1618 904 1673 minores,

182 1696 245 1740 Et
263 1709 367 1754 reges
377 1690 541 1748 facient
553 1691 661 1750 ficos
679 1692 871 1735 minores.

116 1769 226 1812 Item
245 1782 344 1810 cum
363 1764 407 1808 in
426 1763 668 1824 Apennino
692 1762 747 1808 de
771 1761 812 1808 se
835 1759 1115 1822 consuleret,
1135 1759 1398 1826 responsum

117 1835 378 1899 hujusmodi
397 1835 594 1897 accepit:

187 1913 322 1958 Tertia
342 1912 441 1956 dum
461 1913 583 1956 Latio
604 1926 834 1972 regnantem
854 1909 1006 1957 viderit
1022 1907 1148 1975 aestas.

119 1986 229 2031 Item
260 1999 362 2030 cum
391 1983 444 2028 de
471 1982 658 2044 posteris
691 1982 800 2028 suis:

187 2059 276 2103 His
299 2075 370 2120 ego
389 2075 460 2102 nec
481 2073 610 2103 metas
635 2075 762 2102 rerum
784 2073 855 2102 nec
873 2070 1053 2117 tempora
1065 2074 1196 2117 pono.

121 2133 231 2178 Item
260 2146 362 2177 curn
386 2132 439 2176 de
460 2129 590 2176 fratre
619 2129 872 2189 Quintillo,
894 2146 1025 2193 quem
1046 2128 1302 2177 consortem
1321 2128 1401 2180 ha÷

122 2203 228 2250 bere
252 2202 437 2249 volebat
464 2202 666 2265 imperii,
685 2202 941 2264 responsum
959 2202 1046 2249 est:

194 2277 423 2335 Ostendent
438 2279 553 2322 terris
570 2278 680 2323 hunc
696 2293 857 2322 tantum
866 2276 984 2335 fata.

124 2350 242 2409 Quae
273 2348 445 2396 idcirco
473 2348 626 2411 posui,
647 2363 696 2395 ut
724 2350 775 2396 fit
799 2349 1011 2395 omnibus
1043 2346 1236 2405 clarum,
1267 2346 1402 2393 Con-

126 2423 334 2470 stantium
365 2421 507 2468 divini
538 2421 712 2484 generis
748 2420 928 2483 virum,
959 2419 1266 2468 sanctissimum
1296 2420 1402 2474 Cn·-⁴

222 2498 391 2556 Scripta.
425 2497 488 2542 H.
519 2501 581 2542 A.
619 2497 717 2543 Vol,
749 2496 812 2541 II,
1104 2491 1152 2539 K.
