1714 2807
370 165 453 212 128
622 163 838 211 JULll
889 163 1406 212 CAPITOLlNI

361 284 571 318 extorum
600 287 694 318 non
726 270 1032 333 deprehendit.
1061 273 1115 317 Et
1141 284 1250 320 tunc
1280 272 1460 335 quidem
1492 288 1650 321 omnes

363 343 525 390 milites
554 343 600 388 in
632 341 781 391 castris
811 345 1063 391 manebant.
1091 345 1186 405 Qui
1220 362 1320 393 cum
1345 347 1398 391 de
1420 346 1567 392 castris
1594 346 1650 393 ad

362 416 625 481 obsequium
660 416 879 479 Principis
906 419 1252 477 convenissent,
1282 422 1330 467 &
1354 419 1563 482 Pertinax
1591 436 1649 466 eo

365 490 436 536 die
468 490 825 552 processionem,
854 507 987 554 quam
1019 491 1072 537 ad
1100 491 1362 538 Athenaeum
1392 508 1651 553 paraverat,

363 573 413 608 ut
443 562 616 609 audiret
656 576 865 622 poetam,
894 563 955 609 ob
985 562 1187 611 sacrificii
1218 565 1474 628 praesagium
1510 568 1651 612 distu-

365 634 503 691 lisset3
536 634 611 690 hi,
643 635 719 697 qui
752 635 806 680 ad
842 634 1104 699 obsequium
1140 651 1388 695 venerant,
1424 638 1565 684 redire
1603 637 1651 682 in

365 709 503 757 castra
524 721 780 770 coeperunt.
802 709 883 754 Sed
909 708 1053 756 subito
1076 709 1238 774 globus
1270 709 1345 756 ille
1367 710 1413 756 in
1433 711 1651 757 Palatium

363 782 599 845 pervenit:
630 796 773 843 neque
799 794 876 827 aut
906 781 1043 828 arceri
1075 781 1249 844 potuit,
1280 794 1354 828 aut
1388 782 1652 845 Imperatori

362 856 573 902 nuntiari.
610 855 860 900 Enimvero
893 865 1066 902 tantum
1096 855 1251 902 odium
1289 854 1335 901 in
1376 855 1652 903 Pertinacem

365 930 571 975 omnium
604 928 856 974 aulicorum
886 926 999 990 fuit„
1022 940 1071 974 ut
1101 928 1155 975 ad
1179 926 1345 974 facinus
1364 929 1524 975 milites
1543 929 1653 975 lior-

366 1015 579 1049 tarentur.
602 1003 975 1063 Supervenerunt*
998 1013 1143 1047 autem
1171 1000 1418 1058 Pertinaci,
1449 1018 1548 1048 cum
1578 1002 1652 1048 ille

363 1075 560 1121 aulicum
584 1073 854 1120 famulitium
888 1073 1145 1128 ordinaret3
1163 1072 1431 1136 ingreffique
1451 1075 1653 1135 porticus

364 1147 520 1194 Palatii
547 1149 684 1209 usque
717 1148 771 1193 ad
802 1148 982 1203 locum,
1013 1146 1090 1209 qui
1120 1147 1369 1208 appellatur
1397 1150 1574 1204 Sicilia,
1603 1151 1652 1195 &

363 1222 485 1267 lovis
514 1221 705 1266 coenatio.
726 1219 828 1264 Hoc
851 1217 1039 1281 cognito
1058 1252 1071 1275 ,
1098 1218 1305 1264 Pertinax
1325 1221 1512 1275 Laetum,
1533 1220 1651 1265 Prae-

364 1293 528 1340 fectum
544 1291 773 1356 praetorii,
797 1291 850 1338 ad
869 1306 948 1337 eos
969 1290 1096 1336 misit.
1117 1290 1200 1336 Sed
1224 1291 1298 1336 ille
1316 1290 1547 1338 declinatis
1571 1291 1652 1337 mi·

365 1365 515 1412 litibus
540 1382 619 1429 pei·
650 1364 854 1427 porticus
888 1363 1103 1427 egreffus,
1131 1363 1351 1424 adoperto
1380 1362 1545 1423 capite,
1569 1363 1653 1408 do-

365 1455 488 1484 mum
525 1438 566 1484 se
606 1437 817 1484 contulit.
849 1437 1019 1481 Verum
1057 1451 1159 1482 cum
1193 1435 1247 1480 ad
1288 1434 1499 1481 interiora
1541 1451 1652 1496 pro-

364 1523 654 1573 rumperent,
678 1509 884 1555 Pertinax
907 1508 962 1555 ad
986 1523 1064 1554 eos
1094 1506 1332 1568 processit,
1355 1507 1518 1570 eosque
1550 1509 1651 1555 lon-

365 1601 420 1648 ga
437 1585 486 1631 &
510 1584 636 1647 gravi
654 1582 865 1629 oratione
883 1580 1094 1643 placavit.
1115 1581 1197 1626 Sed
1220 1598 1320 1627 cum
1343 1581 1527 1627 Tausius
1551 1580 1651 1643 qui·

365 1658 491 1714 dam,
527 1672 641 1702 unus
674 1673 699 1702 e
731 1656 959 1717 Tungris,
990 1655 1036 1701 in
1072 1654 1181 1700 iram
1211 1656 1260 1702 &
1294 1654 1501 1701 timorem
1529 1655 1652 1702 mili-

365 1745 430 1777 tes
455 1730 691 1793 loquendo
717 1728 991 1784 adduxisset,
1016 1728 1179 1775 hastam
1204 1728 1247 1773 in
1279 1730 1426 1790 pectus
1449 1729 1651 1775 Pertina-

366 1803 429 1849 cis
442 1800 624 1860 objecit.
644 1804 778 1849 Tunc
798 1800 872 1846 ille
892 1813 1094 1863 precatus
1114 1802 1275 1848 Jovem
1294 1801 1498 1847 Ultorem
1513 1836 1526 1857 ‚
1541 1813 1648 1863 toga

365 1889 498 1938 caput
526 1876 880 1937 operuit‚atque
907 1892 932 1922 a
949 1875 1105 1922 ceteris
1137 1874 1364 1922 coiifofl‘us
1392 1874 1466 1920 est.
1489 1876 1536 1920 ὅ(
1553 1875 1647 1920 Ele—

366 1950 458 1997 &us
481 1948 662 2010 quidem
679 1983 691 2005 ‚
711 1947 927 1995 confossis
960 1949 1140 1995 duobus
1155 1984 1167 2003 ‚
1188 1965 1288 1995 cum
1314 1948 1471 1993 eodem
1496 1948 1644 2007 periit:

368 2020 530 2085 reliqui
558 2033 703 2066 autem
737 2021 999 2068 cubicularii
1035 2021 1215 2082 palatini
1250 2019 1385 2083 (nam
1428 2021 1531 2067 suos
1569 2021 1649 2067 sta-

367 2095 446 2142 tim
461 2130 473 2153 ,
493 2105 544 2140 ut
571 2097 818 2155 imperator
843 2093 980 2140 factus
1001 2093 1060 2139 est
1076 2129 1087 2150 ‚
1108 2091 1210 2138 filiis
1233 2092 1539 2154 emancipatos
1569 2094 1648 2138 de·

368 2166 523 2232 derat)
551 2167 835 2230 diffugerunt.
857 2164 992 2212 Multi
1023 2165 1124 2212 sane
1149 2167 1328 2224 dicunt,
1360 2165 1492 2212 etiam
1525 2165 1651 2213 cubi—

368 2240 521 2288 culum
547 2238 707 2286 milites
727 2237 954 2300 irrupiffe‚
979 2250 1110 2300 atque
1130 2239 1224 2285 illic
1248 2239 1365 2286 circa
1390 2238 1552 2286 leftum
1578 2237 1650 2285 fu-

369 2313 560 2377 gientem
587 2311 864 2358 Pertinacem
893 2310 1114 2359 occidisse.

434 2388 535 2434 ΧΠ.
565 2385 663 2433 Fuit
685 2399 830 2432 autem
863 2384 993 2432 senex
1024 2384 1291 2433 venerabilis
1307 2420 1321 2443 ,
1346 2383 1529 2432 immissa
1548 2386 1648 2432 bar-

371 2461 450 2515 ba,
470 2458 642 2508 reflexo
664 2459 856 2521 capillo,
875 2458 1133 2507 habitudine
1154 2459 1361 2522 corporis
1383 2457 1620 2524 pinguiore
1634 2493 1647 2517 ‚
