1637 2785
519 143 991 192 cAR1NUs
1273 158 1361 206 ιμ

86 269 208 301 mum
236 250 407 300 effudit.
437 253 555 299 Inter
582 269 717 315 poma
742 254 792 300 &
822 252 1023 299 melones
1051 249 1237 299 natavit.
1263 251 1366 297 Ros

87 329 140 374 fis
160 325 568 374 Mediolanensibus
589 328 638 373 δι
659 326 875 383 triclinia,
895 328 944 373 &
969 323 1177 372 cubicula
1195 324 1368 374 stravit.

86 399 260 448 Balneis
290 399 349 444 ita
384 397 559 460 frigidis
599 397 699 444 usus
736 398 822 453 est,
852 410 902 444 ut
942 397 1086 444 solent
1128 397 1214 444 effe
1242 397 1369 444 cellae

88 468 429 531 suppositor2ae‚
465 465 701 529 frigidariis
750 466 921 529 semper
961 467 1201 514 nivalibus.
1250 468 1371 515 Cum

87 542 243 590 hiemis
287 554 492 602 tempore
519 540 574 586 ad
611 539 832 603 quendam
871 541 1026 587 locum
1069 541 1293 600 veniffet‚
1322 541 1372 589 in

89 632 183 678 quo
207 615 311 662 fons
337 627 431 660 erat
449 630 562 675 aqua
592 613 847 676 pertepida‚
874 626 920 659 ut
942 613 1053 660 solet
1082 630 1159 673 per
1176 614 1371 661 hiemem

90 692 380 745 naturaliter,
419 705 559 751 eaque
592 688 641 750 „in
683 688 849 750 piscina
886 686 992 735 usus
1033 687 1172 744 esset,
1214 688 1372 735 dixisse

89 763 421 811 balneatoribus
454 761 623 819 fertur,
647 765 821 823 Aquam
860 763 967 807 milri
991 763 1224 807 muliebrem
1259 780 1373 821 [πιε-

84 838 248 897 paratis
264 853 274 882 ε
293 848 424 897 atque
449 835 538 880 hoc
567 833 659 894 ejus
683 832 971 880 'clarissimum
994 831 1157 878 dictum
1178 830 1376 878 effertur.

92 910 314 955 Audiebat
342 921 464 968 pater
481 905 596 968 ejus,
617 923 717 970 quae
747 905 819 951 ille
845 903 1033 961 faceret,
1056 905 1104 951 &
1133 903 1377 960 clamabat,

92 985 196 1028 Non
217 982 269 1047 est
293 999 414 1027 meus.
434 981 655 1026 Statuerat
679 978 872 1041 denique
887 1013 902 1036 ‚
918 976 1227 1024 Constantium
1256 975 1279 1039 (
1297 975 1376 1039 qui

93 1054 244 1115 postea
286 1053 434 1100 Caesar
462 1053 522 1098 est
559 1052 731 1108 factus,
760 1066 872 1099 tunc
910 1062 1059 1097 autem
1099 1050 1377 1111 praesidatum

91 1128 334 1174 Dalmatiae
364 1124 734 1189 administrabat)
755 1125 797 1171 in
819 1125 972 1171 locum
993 1121 1086 1183 ejus
1112 1122 1378 1185 subrogare,

93 1199 217 1262 quod
248 1216 383 1247 nemo
408 1214 514 1247 tunc
533 1200 604 1246 vir
637 1199 799 1246 melior
821 1195 1228 1243 videbaturzillum
1261 1210 1378 1242 vero

94 1272 178 1336 (ut
207 1273 446 1320 Onefimus
481 1270 613 1336 dicit)
642 1272 866 1320 occidere.
899 1274 1106 1333 Longum
1141 1268 1231 1326 est,
1260 1268 1290 1314 fi
1323 1269 1379 1315 de

93 1345 187 1405 ejus
214 1348 392 1394 luxuria
412 1347 536 1410 plura
564 1346 702 1393 velim
728 1347 886 1395 dicere.
906 1345 1163 1408 quicunque
1184 1341 1380 1389 ostiatim

94 1420 218 1482 cupit
255 1420 468 1478 noscere,
494 1420 606 1483 legat
650 1420 781 1466 etiam
826 1418 1038 1466 Fulvium
1077 1415 1380 1476 Asprianum,

93 1491 232 1555 usque
252 1493 306 1538 ad
325 1493 504 1538 taedium
526 1491 748 1556 gestorum
769 1489 861 1549 ejus
880 1487 1085 1536 universa
1106 1488 1346 1535 dicentem.

160 1565 304 1610 XVlI.
332 1563 421 1610 Hic
456 1565 534 1610 ubi
564 1576 732 1624 patrem
767 1561 952 1608 fulmine
984 1559 1258 1615 absumtum‚
1289 1557 1381 1604 fra-

94 1647 210 1682 trem
239 1652 262 1682 a
292 1635 453 1684 socero
491 1635 776 1683 interemtum
798 1669 812 1692 ,
846 1632 1188 1681 Diocletianum
1224 1633 1412 1694 Augu-⁴

96 1709 208 1756 stum
240 1710 510 1772 appellatum
538 1709 783 1771 comperit,
803 1707 972 1769 majora
998 1706 1111 1755 vitia
1138 1708 1188 1754 &
1218 1705 1384 1753 scelera

98 1781 265 1839 edidit,
282 1782 400 1844 quasi
429 1781 516 1842 jam
543 1783 655 1828 liber
681 1798 703 1828 a
724 1781 873 1828 fraenis
901 1779 1154 1827 domesticae
1178 1777 1383 1841 pietatis,
1432 1831 1436 1835 ‚
1461 1800 1468 1805 ·

98 1851 281 1900 suorum
314 1853 537 1900 mortibus
574 1853 816 1900 absolutus.
853 1853 950 1899 Nec
982 1852 1023 1898 ei
1058 1863 1208 1898 tamen
1240 1849 1385 1896 defuit

98 1927 154 1975 ad
193 1926 512 1974 vindicandum
555 1926 728 1973 sibimet
761 1926 1000 1988 imperium
1034 1925 1166 1989 vigor
1205 1922 1385 1970 mentis.

99 2017 201 2048 nam
231 2013 388 2049 contra
423 1999 761 2047 Diocletianum
788 1999 937 2047 multis
963 1999 1133 2062 proeliis
1163 1996 1386 2046 conflixit.

99 2072 174 2120 sed
194 2072 350 2119 ultima
372 2089 546 2136 pugna,
573 2073 691 2135 apud
718 2072 933 2119 Murtium
955 2071 1211 2128 commissa,
1243 2070 1386 2117 vietus

104 2145 334 2194 occubuit.
373 2146 460 2194 Hic
499 2147 631 2192 trium
673 2146 930 2208 Principum
961 2143 1061 2191 finis
1099 2143 1209 2202 fuit,
1244 2142 1384 2202 Cari,

100 2219 404 2278 Numeriani,
436 2222 483 2269 &
521 2220 707 2269 Carini:
750 2221 849 2284 post
888 2235 1005 2283 quos
1045 2217 1384 2266 Diocletianum
1421 2248 1426 2260 ,.

101 2294 152 2340 &
194 2291 521 2338 Maximianum
546 2292 773 2354 Principes
804 2291 885 2338 Dii
921 2291 1162 2345 dederunt;
1196 2287 1387 2352 jungeri,
1441 2291 1444 2295 ’

82 2366 170 2412 ‘tes
215 2364 378 2413 talibus
420 2364 529 2414 viris
564 2365 797 2412 Galerium
842 2377 976 2427 atque
1023 2362 1383 2410 Constantium:

104 2452 302 2502 quorum
324 2437 435 2487 alter
461 2450 589 2489 natus
615 2438 704 2499 est,
732 2437 810 2503 qui
836 2447 1064 2502 acceptam
1087 2434 1383 2500 ignominiam
