1637 2785
287 124 616 172 OPILIUS
672 124 1117 171 MAcRmus.
1250 138 1338 183 υς

61 232 153 291 ejus
192 235 441 278 Antoninus
476 230 537 276 est
574 230 849 292 appellatus,
880 229 1056 292 imperii
1092 229 1246 277 delatis
1270 231 1357 279 in-¹

61 306 267 370 signibus.

125 381 183 426 X.
210 380 317 426 Haec
345 377 421 425 ubi
443 376 540 424 sunt
566 376 773 425 Macrino
798 377 916 438 apud
941 377 1228 426 Antiochiam
1247 397 1346 442 xpo·

61 451 145 498 fito
174 451 370 496 nuntiata
389 485 402 508 ,
427 450 607 496 m'iratus
634 450 859 497 audaciam
895 449 1185 504 muliebrem,
1216 450 1346 496 fimul

62 523 192 570 etiam
231 538 553 579 contemnens,
585 522 804 569 Julianum
842 520 1099 566 Praefectum
1132 521 1186 566 ad
1223 521 1347 567 obfi-

62 597 234 643 dendos
261 612 339 642 eos
363 612 463 643 cum
494 594 745 659 legionibus
768 593 894 642 mifit.
923 594 1103 654 Quibus
1129 611 1229 641 cum
1253 599 1345 642 An·

62 671 246 717 toninus
273 671 605 728 ostenderetur,
631 671 749 717 miro
786 686 940 716 amore
975 669 1022 716 in
1055 685 1156 716 eum
1192 669 1346 715 omni-

64 741 144 787 bus
182 741 407 789 inclinatis
426 773 440 797 ‚
471 743 628 789 occiso
663 742 842 790 Juliano
879 741 1095 788 Praefecto
1115 778 1131 799 ,
1158 741 1213 788 ad
1243 758 1347 789 eum

63 830 221 862 omnes
252 816 529 862 transierunt.
551 816 731 862 Deinde
758 828 881 878 parte
910 815 1130 862 exercitus
1151 813 1348 875 conjun-

63 887 158 944 ἑὶει,
187 887 313 934 venit
341 900 499 936 contra
524 889 770 935 Macrinum
795 888 1080 941 Antoninus,
1111 886 1271 935 contra‘
1303 887 1346 934 se

62 960 368 1008 festinantem:
386 962 714 1026 commissoque
735 962 903 1025 proelio
918 999 930 1019 ,
951 963 1179 1010 Macrinus
1197 963 1256 1008 est
1278 962 1347 1008 vi·

63 1035 157 1081 stus
183 1035 444 1095 proditione
475 1036 665 1082 militum
695 1035 817 1097 ejus,
849 1038 899 1084 &
929 1053 1082 1083 amore
1107 1035 1350 1084 Antonini.

61 1106 233 1169 fugiens
265 1107 361 1154 sane
390 1109 613 1155 Macrinus
642 1126 741 1156 cum
776 1110 927 1172 paucis
959 1112 1007 1158 &
1033 1109 1160 1167 filio,
1191 1109 1238 1155 in
1273 1110 1349 1155 vi·-

62 1195 120 1225 co
145 1180 338 1243 quodam
361 1181 586 1245 Bithyniae
609 1182 788 1230 occisus
812 1183 873 1228 est
899 1200 1000 1230 curn
1027 1183 1349 1229 Diadumeno:

63 1250 349 1315 ablatumque
380 1250 472 1312 ejus
503 1266 637 1316 caput
659 1253 747 1311 est,
777 1247 910 1303 &ad
937 1254 1224 1300 Antoninum
1250 1271 1348 1317 per·

62 1322 215 1370 latum.
235 1323 471 1371 Sciendum
495 1338 704 1387 praeterea
720 1362 732 1382 ,
753 1327 879 1388 quod
897 1326 1045 1373 Caesar
1075 1325 1200 1373 fuiffe
1229 1327 1348 1374 dica-

63 1413 166 1456 tur,
193 1415 284 1445 non
309 1400 546 1463 Augustus,
570 1400 880 1448 Diadumenus
904 1417 1039 1463 puer,
1058 1418 1190 1463 quem
1214 1402 1350 1464 pleri-

64 1490 153 1536 que
174 1476 268 1537 pari
290 1474 413 1522 fuiffe
440 1492 542 1523 cum
564 1488 685 1537 patre
716 1476 908 1538 imperio
929 1476 1222 1523 tradiderunt.
1249 1478 1348 1524 Oc-

67 1548 187 1596 cisus'
206 1549 266 1597 est
297 1550 427 1597 etiam
457 1550 600 1607 filius,
630 1551 699 1598 cui
725 1551 816 1597 hoc
857 1549 1001 1596 solum
1033 1550 1180 1596 attulit
1210 1550 1349 1613 impe-
1399 1546 1402 1550 ⁸

67 1621 180 1667 rium
199 1658 211 1678 ‚
242 1635 290 1667 ut
324 1621 648 1669 interficeretur
673 1640 697 1669 a
720 1623 874 1669 milite,
911 1640 1004 1669 non
1033 1623 1153 1670 enim
1185 1624 1357 1686 aliquid

68 1695 253 1757 dignum
275 1695 318 1740 in
340 1694 434 1756 ejus
453 1696 546 1741 vita
566 1709 675 1754 erat,
690 1696 812 1758 quod
834 1697 1005 1743 dicatur
1021 1733 1034 1753 ‚
1051 1710 1210 1760 praeter
1233 1699 1353 1758 hoc,

69 1767 196 1830 quod
227 1767 571 1815 Antoninorum
610 1767 785 1815 nomini
815 1768 878 1817 est
918 1768 1044 1817 velut
1078 1770 1244 1816 nothus
1273 1787 1353 1834 ap-

69 1841 252 1903 pofinw.

96 1924 99 1927 “
133 1915 213 1961 X1.
233 1913 572 1963 FuitMacrinus
591 1926 740 1961 tamen
759 1914 804 1961 in
824 1913 918 1962 vita
938 1914 1225 1977 imperatoria
1245 1934 1357 1980 pau-

69 1987 120 2034 lo
147 1987 333 2052 rigidior
357 1991 406 2035 &
434 1988 677 2044 austerior,
695 1988 897 2050 sperans,
919 1988 959 2036 se
986 1982 1183 2036 antestis
1203 1990 1356 2039 omnia

70 2061 195 2123 poss‘e
222 2061 452 2107 oblivioni
477 2062 605 2119 dare,
633 2079 732 2108 cum
761 2061 854 2124 ¹ipsa
884 2061 1092 2109 severitas
1119 2063 1239 2109 illius
1274 2081 1357 2112 oc-

72 2134 296 2180 cafionem
322 2135 672 2195 reprehendendi
699 2136 746 2180 &
774 2132 997 2180 lacerandi
1025 2134 1120 2197 ejus
1153 2138 1360 2202 aperiret.

73 2209 192 2255 Nam
219 2210 267 2255 &
297 2212 489 2254 Severum
520 2207 632 2255 se·&
662 2210 918 2255 Pertinacem
942 2208 1150 2256 voluerat
1177 2228 1355 2261 nuncu-

73 2279 197 2342 pari:
231 2297 330 2343 quae
363 2279 454 2325 duo
489 2279 553 2325 illi
586 2279 829 2337 asperitatis
858 2280 1042 2327 nomina
1074 2282 1357 2335 videbantur.

74 2356 124 2401 &
141 2369 242 2399 cum
267 2353 388 2397 illurn
416 2353 600 2399 Senarus
625 2355 749 2398 Pium
776 2356 825 2399 ac*
846 2355 1019 2399 Felicem
1049 2359 1358 2422 nuncupaffet,

74 2425 235 2475 Felicis
260 2441 427 2473 nomen
456 2425 648 2489 recepit,
678 2426 744 2473 Pii
777 2426 936 2475 habere
970 2428 1130 2475 noluit.
1154 2433 1288 2482 Unde
1310 2435 1363 2484 in

961 2502 1008 2548 O
1040 2522 1071 2561 4
