1637 2785
279 146 787 200 ALEXANDER
833 148 1197 198 severius
1298 159 1391 213 295
1420 174 1429 189 ,s

112 270 208 313 rat,
238 254 524 317 occupassent
545 288 560 311 ,
592 267 759 313 ‘contra
798 253 1024 316 popinarii
1061 254 1286 310 dicerent,
1309 252 1391 303 fibi

115 346 217 377 eum
249 328 425 385 deberi,
454 327 671 389 rescripsit
689 362 702 384 ,
732 332 876 374 melius
895 327 964 392 effe
981 365 993 386 ,
1014 346 1060 375 ut
1087 332 1396 390 quomodocun-

113 422 188 464 que
216 405 301 450 illic
329 405 453 448 Deus
475 407 659 455 colatur,
687 419 809 461 quam
837 403 1074 461 popinariis
1098 406 1284 449 dedatur.

180 478 229 523 L.
250 476 368 521 Cum
391 473 526 537 igitur
555 485 699 519 tantus
727 490 777 520 ac
799 473 894 519 talis
920 475 1167 534 Imperator
1193 473 1315 520 domi
1339 489 1393 523 ac

112 545 224 592 soris
257 546 359 592 effet
381 581 394 603 ‚
426 545 525 591 iniit
564 544 810 591 Parthicam
854 544 1224 607 expeditionem:
1257 561 1392 609 quam

114 629 233 664 tanta
258 617 519 680 disciplina,
550 630 667 664 tanta
697 618 948 664 reverentia
982 617 1045 664 sui
1078 616 1191 681 egit,
1221 629 1267 663 ut
1297 634 1393 664 non

109 690 298 749 milites,
325 691 398 739 sed
416 691 648 738 Senatores
675 691 858 737 transire
883 691 1149 739 dicerentur.
1171 691 1395 751 Quacum

112 779 200 826 que
222 764 306 810 iter
333 764 529 827 legiones
556 763 807 819 faciebant,
823 763 1018 810 Tribuni
1043 763 1255 820 accincti,
1271 765 1395 811 Cen-

113 835 315 883 turiones
346 836 618 893 verecundi,
641 837 804 883 milites
835 837 1047 884 amabiles
1079 851 1227 885 erant:
1250 836 1394 899 ipsum

115 925 230 956 vero
276 911 338 956 ob
372 910 468 956 haec
503 922 573 958 tot
607 912 656 958 &
693 922 812 958 tanta
852 911 972 959 bona
1005 910 1306 974 provinciales
1344 921 1395 959 ut

112 982 264 1029 Deum
292 981 598 1043 suspiciebant.
622 984 714 1031 Jam
743 999 856 1030 vero
882 982 962 1046 ipsi
992 982 1153 1031 milites
1179 982 1394 1045 juvenem

113 1057 433 1117 Imperatorem
464 1055 523 1102 fic
555 1055 788 1112 amabant,
826 1069 876 1102 ut
912 1055 1117 1113 fratrem,
1148 1069 1197 1103 ut
1223 1054 1399 1112 filium,-

114 1140 164 1173 ut
187 1141 437 1189 parentem:
464 1126 608 1175 vestiti
641 1127 852 1185 honeste,
880 1128 1053 1176 calciati
1079 1128 1209 1175 etiam
1237 1129 1291 1174 ad
1321 1128 1396 1174 de·

113 1215 292 1254 eorem,
317 1200 471 1245 armati
498 1198 733 1257 nobiliter,
767 1200 892 1261 equis
922 1199 1054 1246 etiam
1086 1196 1309 1256 inssruffi,
1342 1200 1393 1247 &

85 1280 88 1281 ’
115 1270 339 1334 ephippiis
362 1287 411 1317 ac
436 1269 572 1316 frenis
599 1269 887 1319 decentibus:
915 1271 1120 1334 prorsus,
1149 1283 1197 1318 ut
1226 1271 1396 1317 Roma-

112 1360 216 1390 nam
247 1343 569 1404 rempublicam
600 1342 1166 1407 intelligeret‚quicunque
1197 1344 1395 1390 Alexan-

112 1417 181 1464 dri
212 1417 387 1463 vidiffet
412 1415 680 1464 exercitum·
700 1417 967 1464 Elaborabat
992 1416 1184 1478 denique
1200 1451 1214 1475 ‚
1247 1429 1295 1462 ut
1323 1415 1398 1466 di-

116 1507 228 1554 gnus
246 1491 327 1537 ilio
352 1490 536 1538 nomine
560 1489 811 1546 videretur,
833 1491 999 1547 immo,
1018 1503 1067 1536 ut
1095 1489 1395 1539 Macedonem

112 1565 240 1612 illum
273 1565 500 1613 vinceret:
528 1565 818 1627 dicebatque,
842 1565 957 1611 inter
977 1566 1233 1611 Romanum
1256 1563 1394 1610 Alex-

114 1638 301 1685 andrum
328 1639 380 1686 &
413 1637 711 1684 Macedonem
745 1637 933 1684 multum
973 1637 1174 1684 interesse
1219 1637 1396 1688 deberea

113 1713 293 1758 Fecerat
327 1710 521 1773 denique
544 1710 624 1756 fibi
652 1710 994 1774 argyroaspidas
1019 1711 1071 1759 &
1107 1709 1393 1775 chrysoaspi-

114 1786 215 1832 das:
240 1784 408 1832 fecerat
444 1786 493 1833 δι
523 1786 784 1848 phalangem
812 1786 991 1849 triginta
1010 1784 1205 1832 millium
1239 1782 1393 1832 homi·

115 1875 251 1915 num,
285 1873 401 1922 quos
432 1860 736 1921 phalangarios
773 1859 931 1906 vocari
963 1857 1163 1919 jusserat,
1194 1858 1245 1904 &
1287 1873 1390 1905 cum

113 1931 276 1994 quibus
303 1931 492 1978 multum
528 1930 636 1979 fecit
662 1931 709 1978 in
739 1931 931 1979 Perside:
962 1948 1063 1995 quae
1090 1931 1268 1995 quidem
1297 1941 1392 1978 erat

113 2021 172 2050 ex
208 2004 282 2050 sex
317 2004 569 2068 legionibus
609 2004 816 2052 similium
855 2021 1110 2063 armorum,
1148 2003 1392 2068 stipendio·

113 2095 214 2126 rum
238 2094 349 2126 vero
371 2077 468 2141 post
485 2078 704 2126 Persicum
726 2078 889 2126 bellurn
908 2076 1150 2139 majorum.

179 2151 249 2196 LI.
278 2151 416 2197 Dona
445 2150 563 2214 regia
594 2151 640 2197 in
673 2151 845 2214 templis
875 2149 1055 2213 posuit:
1083 2164 1277 2212 gemmas
1309 2147 1393 2195 fibi

115 2224 289 2271 oblatas
310 2224 536 2282 vendidit,
561 2225 776 2273 muliebre
804 2225 887 2272 effe
902 2225 1179 2282 existimans,
1197 2238 1393 2287 gemmas

114 2296 359 2360 possidere,
387 2313 486 2359 quae
518 2313 662 2362 neque
684 2298 814 2345 militi
844 2297 939 2346 dari
967 2298 1161 2362 possint,
1192 2311 1338 2360 neque
1366 2311 1391 2343 a

116 2371 224 2417 viro
263 2370 428 2418 haberi.
469 2371 587 2419 Cum
620 2372 801 2436 quidam
841 2372 1011 2437 legatus
1045 2370 1239 2418 uniones
1276 2370 1392 2416 duos

97 2445 254 2500 Vuxori
277 2444 371 2510 ejus
392 2462 472 2514 per
502 2445 645 2512 ipsum
669 2446 893 2498 obtulisset
918 2446 1066 2513 magni
1097 2444 1308 2510 ponderis
1338 2446 1395 2498 60
