1714 2807
358 164 412 209 54
588 152 799 198 JUL11
852 144 1354 200 CAPITOLINI

352 273 454 306 cum
483 255 587 304 effet
614 255 872 317 praefertas,
904 275 1023 305 arma
1055 259 1246 306 militum
1283 260 1452 322 semper
1481 261 1654 323 inspe-·

352 331 433 376 xit.
459 329 647 376 Nullum
670 329 815 377 senem
835 331 1026 378 militare
1056 333 1195 394 passus
1215 332 1299 389 est,
1324 333 1495 379 nullum
1521 351 1632 396 pue·

353 419 452 448 rum
487 418 690 450 annonas
724 403 944 465 accipere.
983 405 1136 452 Castra
1173 404 1326 451 omnia
1353 404 1515 452 foffato
1543 406 1633 452 cir-

355 474 532 532 cuibat,
557 475 763 523 noffibus
786 476 917 522 etiam
947 477 1209 539 plerumque
1237 477 1409 541 vigilias
1427 477 1634 540 fsequen-

357 547 491 593 tabat.
517 549 849 610 Aniabatnrque
872 548 927 594 ab
955 548 1189 606 omnibus,
1207 549 1331 610 quod
1357 549 1413 597 fic
1434 550 1484 596 &
1515 566 1633 596 rem—

357 618 581 678 publicam
611 631 803 677 amaret,
835 621 882 666 δε
914 619 1182 680 Principem.
1213 619 1406 666 Tribuni
1439 637 1540 667 eum
1585 622 1636 667 &

357 691 491 736 duces
521 690 656 753 usque
682 691 794 736 adeo
823 691 1067 737 timuerunt
1094 694 1141 738 ὅ(
1169 706 1462 751 amaverunt,
1485 706 1535 741 ut
1556 711 1637 740 ne-

357 781 446 826 que
478 765 647 811 vellent
674 780 886 826 peccare,
918 781 1062 826 neque
1105 765 1193 811 ulla
1228 782 1284 811 ex
1319 778 1441 828 parte
1476 783 1637 829 pecca-

358 849 468 883 rent.
501 837 731 898 Philippus
762 853 862 882 eum
897 850 1083 899 propter
1110 837 1319 899 pleraque
1350 838 1639 885 vehementer

360 908 550 956 timuisse
578 909 716 956 fertur
734 945 747 967 ,
765 923 898 973 atque
923 910 985 956 ob
1011 909 1100 956 hoc
1128 927 1205 970 per
1235 909 1434 958 medicos
1465 911 1641 958 infidias

359 982 454 1042 rjus
477 982 585 1028 vitae
612 982 807 1043 paraffe,
835 985 884 1029 &
910 983 1087 1044 quidem
1121 985 1210 1028 hoc
1232 998 1407 1045 genere.
1432 983 1546 1029 Cum
1576 981 1641 1028 ef-

360 1054 534 1100 t‘niione
574 1054 665 1101 alvi
706 1055 936 1101 Misitheus
967 1056 1214 1105 laboraret,
1248 1069 1380 1117 atque
1404 1072 1427 1102 a
1455 1055 1641 1101 medios

360 1128 535 1173 tisicndi
558 1127 728 1174 ventris
757 1127 894 1190 gratia
924 1128 1138 1190 poculum
1164 1126 1390 1187 juberetur
1411 1128 1641 1189 accipere;

362 1202 539 1248 unitatis
555 1237 567 1258 ‚
588 1218 688 1264 quae
717 1200 894 1247 fuerant
916 1215 1063 1263 parata
1079 1236 1091 1258 ‚
1115 1202 1158 1246 id
1181 1201 1321 1248 fertur
1340 1203 1489 1248 datum
1506 1236 1519 1260 ‚
1547 1219 1640 1265 quo

362 1275 499 1336 ¹iii-igis
522 1275 814 1322 solveretur:
851 1290 985 1338 atque
1021 1276 1081 1321 ita
1113 1277 1391 1321 exanimatus
1421 1276 1494 1322 est.

427 1350 598 1395 XXlX,
632 1350 743 1408 Quo
771 1362 955 1395 mortuo
975 1383 989 1406 ‚
1016 1351 1217 1411 Apriano
1244 1350 1293 1397 &
1313 1350 1435 1410 Papo
1465 1348 1641 1396 Consu-

364 1422 505 1478 lssims,
533 1422 580 1467 in
602 1421 695 1480 ejus
721 1422 873 1469 locum
909 1421 1144 1467 Praefeehis
1182 1423 1381 1484 praetorii
1415 1422 1555 1470 fafitus
1581 1422 1643 1470 est

364 1494 593 1555 Phiiippus
622 1495 794 1551 Arabs,
820 1494 979 1539 humili
1009 1510 1168 1556 genere
1204 1508 1360 1551 natus,
1386 1495 1458 1542 sed
1492 1495 1645 1558 super-

361 1569 442 1613 bus
463 1602 476 1623 ‚
507 1566 586 1629 qui
614 1567 654 1612 se
687 1566 734 1612 in
764 1567 969 1614 novitate
999 1579 1134 1629 atque
1155 1566 1421 1615 enormitate
1449 1565 1644 1614 fortunae

363 1655 457 1686 non
485 1639 657 1686 tenuit:
687 1638 746 1684 ita
783 1651 831 1685 ut
867 1639 1007 1687 statim
1044 1639 1314 1698 Gordiano,
1345 1639 1423 1703 qui
1461 1656 1562 1687 eum
1595 1640 1644 1685 in

362 1714 513 1759 locum
542 1712 740 1775 parentis
768 1711 1047 1770 adsciverat,
1077 1712 1253 1760 infidias
1285 1714 1363 1776 pei·
1392 1713 1554 1761 milites
1584 1712 1646 1760 fa-

362 1798 504 1843 ceret,
536 1802 636 1848 quae
666 1785 773 1832 tales
794 1784 988 1832 fuerunt.
1017 1784 1253 1833 Misitheus
1282 1798 1481 1844 tantum,
1503 1801 1646 1849 quan-

363 1873 459 1905 tum
488 1859 714 1915 diximus,
743 1859 955 1905 habuerat
992 1857 1314 1916 conditorum,
1344 1872 1393 1906 ut
1431 1859 1646 1905 vacillare

363 1930 595 1993 dispofitio
621 1933 828 1978 Romana
854 1947 946 1978 non
968 1931 1135 1993 poss'et:
1164 1947 1323 1978 verum
1352 1931 1519 1983 artibus
1541 1931 1646 1977 Phi-

364 2003 474 2066 lippi
500 2004 692 2067 primum
714 2021 852 2051 naves
876 2003 1176 2051 frumentariae
1196 2003 1295 2050 sunt
1312 2003 1504 2063 aversae,
1523 2004 1648 2051 dein-⁶

365 2077 419 2123 de
438 2078 484 2123 in
511 2093 562 2124 ea
582 2078 682 2125 loca
710 2079 886 2125 deduffi
919 2078 1019 2126 sunt
1038 2077 1225 2135 milites,
1249 2078 1294 2124 in
1314 2077 1476 2141 quibus
1500 2094 1648 2125 anno-

362 2148 458 2196 nari
496 2166 592 2197 non
634 2150 792 2212 poffet.
827 2150 934 2198 hinc
974 2150 1215 2196 Gordiano
1253 2149 1440 2197 infestos
1482 2150 1649 2197 milites

362 2221 507 2269 statim
531 2222 753 2280 reddidit,
780 2239 875 2269 non
908 2222 1234 2286 intelligentes,
1259 2223 1424 2270 artibus
1452 2222 1649 2284 Philippi

360 2294 573 2355 juvenem
605 2295 689 2342 effe
723 2296 975 2358 deceptum.
1000 2296 1085 2342 Sed
1118 2293 1351 2356 Philippus
1386 2294 1517 2342 etiam
1557 2295 1650 2340 hoc

360 2369 555 2428 addidit,
587 2383 635 2416 ut
663 2386 890 2416 rumorem
926 2386 1003 2431 per
1026 2368 1189 2416 milites
1217 2368 1470 2432 spargeret,
1496 2368 1652 2414 adole-

359 2439 550 2488 scentem
566 2440 650 2489 effe
667 2440 954 2505 Gordiapum
968 2476 983 2501 ,
1003 2440 1242 2504 imperium
1264 2456 1357 2488 non
1377 2438 1498 2503 poffe
1523 2454 1647 2502 rege-
