1637 2785
261 161 1113 222 ,GALLIENIDUQ
1302 161 1364 224 89

87 267 195 314 lium
239 270 379 331 petiit.
419 270 562 316 Hastae
604 284 766 316 auratae
803 270 1059 318 altrinsecus
1095 269 1331 333 quingenae
1348 281 1369 328 ,'

89 340 252 386 vexilla
286 353 495 388 centena:
523 343 572 389 &
609 355 769 404 praeter
805 359 853 388 ea
878 377 891 398 ,
929 359 1028 404 quae
1068 342 1367 405 collegiorum

89 425 238 467 erant,
269 414 511 470 dracones,
542 415 590 460 &
620 414 736 475 signa
767 414 1036 476 templorum
1067 413 1367 477 omniumque}

90 483 315 545 legionum
337 485 470 531 ibant.
495 486 618 531 Ibant
639 501 846 546 praeterea
873 499 1024 548 gentes
1050 486 1289 542 simulatae,
1314 497 1368 532 ut

89 556 264 612 Gothi,
290 558 525 613 Sarmatae,
562 559 741 614 Franci,
781 558 943 605 Persae:
981 559 1040 604 ita
1072 571 1120 603 ut
1156 575 1247 604 non
1279 559 1369 612 miq

91 640 172 674 nus
187 663 200 684 ‚
219 644 348 690 quam
369 629 574 687 ducenti,
595 624 774 693 singulis
794 631 940 692 globis
961 631 1243 677 ducerentur.

169 701 246 747 IX.
271 702 366 749 Hac
388 719 550 765 pompa
575 704 716 748 homo
741 703 918 764 ineptus
948 702 1124 749 eludere
1153 702 1193 748 se
1222 701 1370 748 credi-³

89 769 154 816 dit
175 773 390 834 populum
418 775 700 820 Romanum:
732 774 829 829 sed,
854 788 903 820 ut
931 774 1030 820 sunt
1056 775 1372 821 Romanorum

92 842 288 903 facetiae,
314 846 424 893 alius
453 846 682 893 Postumio
715 846 917 904 favebat,
949 847 1059 894 alius
1087 847 1372 910 Regillianon'

92 918 202 965 alius
235 920 467 977 Aureolo,
502 919 614 966 alius
649 919 918 975 AEmiliano,
959 919 1068 967 alius
1102 920 1373 966 Saturnino:

94 1007 194 1035 nam
220 993 266 1038 ὅ(
290 991 378 1052 ipse
403 989 488 1051 jam
520 991 737 1051 imperare
768 991 1007 1037 dicebatur.
1037 994 1152 1037 lnter
1176 991 1272 1037 haec
1303 991 1374 1036 in-

95 1080 199 1125 gens
223 1065 398 1126 querela
428 1065 479 1109 de
510 1076 662 1125 patre,
688 1081 817 1125 quem
852 1064 1041 1111 inultum
1073 1063 1190 1110 filius
1223 1064 1373 1123 lique-

96 1150 184 1193 rat,
206 1138 252 1184 ὃ(
278 1154 408 1199 quem
438 1137 607 1183 externi
638 1150 868 1199 utcunque
897 1137 1252 1185 vindicaverant.
1275 1136 1375 1183 Nec

95 1223 242 1254 tamen
274 1209 503 1255 Gallienus
531 1209 585 1254 ad
613 1208 712 1254 talia
740 1208 1033 1264 movebatur,
1065 1206 1374 1269 obstupefaclo

96 1280 407 1341 voluptatibus
445 1281 602 1327 corde:
643 1279 712 1326 sed
755 1280 808 1326 ab
841 1280 919 1337 iis,
954 1280 1030 1342 qui
1062 1279 1232 1326 circum
1270 1295 1374 1326 eum

96 1366 220 1398 erant
239 1351 545 1413 ,requirebat‚
571 1355 738 1413 Ecquid
765 1355 959 1398 habemus
992 1356 1037 1398 in
1061 1354 1282 1413 prandio?
1308 1371 1376 1397 ec-

98 1444 182 1486 quae
210 1416 439 1486 voluptates
457 1444 614 1487 paratae
630 1428 769 1486 sunt?
798 1425 840 1473 δ’
862 1428 999 1488 qualis
1020 1445 1109 1472 cras
1128 1430 1203 1472 erit
1222 1428 1376 1472 coena?

99 1503 238 1560 quales
263 1501 499 1561 Circenses?
519 1499 588 1546 Sic
614 1500 823 1546 confecto
848 1499 1005 1546 itinere
1020 1535 1034 1556 ‚
1056 1499 1376 1561 celebratisque

98 1571 373 1618 hecatombis
390 1608 404 1629 ,
422 1574 476 1618 ad
500 1573 683 1619 domum
708 1573 868 1635 regiam
891 1572 1044 1627 rediit3
1061 1572 1376 1633 conviviisque

99 1645 150 1691 δέ
181 1645 320 1708 epulis
342 1645 693 1706 depulsis,.alios
720 1646 812 1691 dies
847 1645 1155 1707 voluptatibus
1185 1645 1376 1707 publicis

102 1720 353 1781 deputabat.
371 1719 730 1766 Praetereundum
755 1737 846 1767 non
867 1719 928 1766 est
949 1720 1283 1783 haudignobile
1307 1719 1376 1766 fa-

100 1793 313 1841 cetiarum
341 1809 492 1856 genus.
517 1810 616 1838 nam
645 1809 743 1840 cum
771 1810 848 1839 rex
875 1793 1131 1849 Persarum,
1157 1793 1274 1856 quasi
1304 1809 1378 1839 ca·

103 1867 336 1931 ptivorum
357 1903 369 1926 ‚
395 1885 472 1929 per
504 1883 714 1930 pompam
744 1866 870 1932 (rem
893 1865 1160 1930 ridiculam)
1189 1868 1379 1920 ducened

102 1955 204 1995 tui-3
235 1940 413 2003 quidam
443 1939 602 1987 scurrae
633 1939 903 1986 miscuerunt
925 1939 965 1987 se
997 1939 1157 1997 Persis,
1187 1939 1379 2002 diligen-³

103 2012 259 2058 tiffime
289 2011 531 2058 scrutantes
555 2010 732 2069 omnia,
753 2023 884 2073 atque
906 2009 1251 2073 uniuscujusque
1273 2011 1380 2056 vul-³¹

103 2094 198 2129 tum
232 2082 342 2137 mira
369 2081 620 2128 inhiatione
645 2082 865 2128 mirantes.
890 2100 913 2129 a
940 2082 1100 2144 quibus
1127 2098 1229 2127 cum
1253 2098 1379 2143 quae-

105 2153 529 2215 teretur,quidnam
553 2166 731 2215 agerent
755 2154 828 2199 illa
855 2153 1072 2208 sollertia;
1101 2153 1165 2198 illi
1193 2153 1378 2214 respon-

105 2227 292 2282 derunt,
318 2243 477 2287 patrem
508 2229 718 2287 Principis
749 2221 977 2288 quaeriinus.
1017 2226 1161 2286 Quod
1190 2242 1289 2272 cum
1325 2223 1380 2271 ad

43 2350 55 2359 l
109 2300 364 2346 Gallienum
393 2300 793 2362 pervoniffet3n0n
813 2300 1013 2362 pudore,
1039 2314 1131 2344 non
1154 2313 1393 2356 moerore‚-
1462 2296 1464 2298 ’

109 2387 203 2418 non
230 2371 392 2433 pietate
417 2385 672 2419 commotus
694 2372 780 2431 est,
805 2372 1060 2434 scurrasque
1088 2367 1207 2430 juffit
1242 2369 1382 2416 vivos

108 2445 251 2510 exuri.
266 2445 392 2512 quod
408 2446 604 2512 populus
618 2446 779 2495 factum
797 2445 958 2494 tristius
969 2480 981 2511 ξ
997 2461 1129 2510 quam
1146 2441 1380 2508 quisquam
