1714 2807
315 159 407 210 188
458 161 572 208 JUL.
592 159 1224 208 CAP1TOL1N1CLODIUS
1248 163 1515 211 ALB1NUS.'

376 266 496 311 XIV.
518 265 625 312 Haec
645 264 810 312 concio
828 300 840 322 ‚
861 265 978 312 vivo
999 266 1144 314 adhuc
1171 266 1433 313 Commodo
1451 305 1463 323 ,
1489 268 1589 314 Ro:

313 352 430 382 mam
459 336 603 382 delata
627 335 701 383 est.
727 353 827 399 quae
846 338 1151 383 Commodum
1177 338 1222 383 in
1249 339 1462 385 Albinum
1486 356 1587 386 exa-

313 408 532 470 speravit:
569 409 800 472 statimque
837 409 1126 456 succefforem
1156 410 1268 456 mifit
1298 412 1476 458 Iunium
1508 413 1590 458 Se-

311 496 469 527 verum
487 515 501 537 ‚
523 497 659 528 unum
688 498 739 528 ex
757 481 1151 528 contubernalibus
1178 481 1275 528 suis.
1303 483 1481 530 Senatui
1506 500 1588 530 au-

313 564 403 598 tem
431 566 602 599 tantum
631 553 825 616 placuit,
850 566 899 599 ut
927 553 1049 599 miris
1081 554 1476 602 acclamationibus
1507 555 1587 601 ab·

310 625 474 672 sentem
502 643 602 672 eum
628 640 835 683 ornaret,
857 629 906 674 &
933 627 1048 673 vivo
1078 628 1339 673 Commodo
1357 663 1369 684 ‚
1389 631 1436 675 &
1457 630 1585 675 dein-

309 715 413 760 ceps
433 698 702 756 interemt03
724 700 783 747 ita
806 713 853 746 ut
875 700 1082 746 nonnulli
1106 699 1235 746 etiam
1266 701 1482 749 Pertinaci
1508 719 1586 749 au-

307 771 453 817 &ores
473 771 664 827 fuerint,
686 784 735 816 ut
753 788 851 817 eum
876 772 954 817 fibi
977 771 1143 818 socium
1167 771 1446 829 adscisceret;
1467 774 1586 835 apud

309 842 526 888 lulianum
542 878 555 900 ,
576 843 628 888 de
649 842 898 889 occidendo
918 843 1169 900 Pertinace,
1190 843 1323 904 ipsius
1345 845 1584 905 plurimum

310 914 546 960 auctoritas
574 914 778 961 valuerit.
807 917 869 961 Ut
891 926 1034 960 autem
1063 914 1150 960 hoc
1174 931 1334 961 verum
1362 916 1586 980 intelliga-

310 998 382 1032 tur
399 1023 411 1044 ,
431 987 661 1048 epistolam
679 987 925 1034 Commodi
946 987 999 1033 ad
1017 987 1250 1034 Praefectos
1267 988 1462 1049 praetorii
1485 990 1585 1038 suos

310 1060 452 1106 datam
479 1060 671 1118 inserui,
694 1077 781 1124 qua
812 1062 865 1107 de
890 1060 1143 1108 occidendo
1169 1062 1335 1108 Albino
1365 1062 1584 1124 fignifica-

309 1134 380 1178 vit
410 1133 529 1178 suam
561 1145 768 1180 mentem.
790 1134 986 1178 Aurelius
1010 1136 1256 1179 Commodus
1277 1137 1447 1179 Severus
1470 1137 1583 1181 Prae-

299 1204 425 1263 seclis
444 1207 639 1266 salutem.
674 1204 841 1268 Audiffi
874 1223 947 1250 vos
966 1209 1080 1250 credo
1100 1241 1111 1260 ‚
1124 1209 1306 1265 primum
1317 1206 1462 1263 fictum
1482 1205 1554 1270 ff
1566 1242 1583 1264 ,

310 1281 421 1337 quod
439 1295 508 1339 ego
528 1295 703 1323 meorum
724 1278 893 1341 constlio
914 1277 1145 1334 intersiti-lus
1165 1275 1277 1339 effem
1291 1294 1307 1320 .·
1326 1279 1467 1322 deinde
1485 1295 1582 1322 cort·

311 1353 464 1394 cionem
500 1350 636 1394 Clodii
664 1351 814 1394 Albini
840 1352 954 1408 apud
974 1351 1122 1393 milites
1150 1365 1257 1392 meos
1277 1350 1489 1404 habitam,
1511 1352 1582 1409 qui

300 1422 348 1481 1[ὲ
367 1425 540 1466 multum
560 1424 736 1466 Senatui
762 1425 1046 1475 commendat,
1074 1423 1193 1479 idque
1206 1454 1219 1476 ,
1240 1435 1437 1479 quantum
1466 1423 1581 1466 vide-

309 1510 424 1547 mus,
459 1511 544 1538 non
566 1493 735 1558 frustra.
767 1496 881 1538 Nam
913 1497 981 1553 qut'
1015 1494 1251 1552 Principem
1279 1511 1406 1538 unum
1439 1497 1484 1538 in
1519 1514 1581 1540 re·

303 1569 474 1627 publica
500 1583 623 1628 negat
648 1565 716 1628 effe
738 1570 869 1612 debere
887 1601 899 1622 ,
920 1569 1065 1627 quique
1093 1566 1223 1628 affirit
1241 1586 1266 1610 a
1284 1570 1438 1611 Senatu
1455 1586 1580 1627 opor-

308 1658 382 1686 tere
410 1657 538 1686 totam
565 1642 849 1701 rempublicam
883 1642 987 1701 regi,
1019 1640 1056 1684 is
1078 1659 1151 1699 per
1182 1644 1379 1684 Senatum
1395 1639 1483 1702 fibi
1504 1659 1580 1699 pe-

307 1716 358 1757 tit
378 1714 602 1773 imperium.
626 1715 766 1758 Cavete
787 1715 911 1774 igitur
928 1711 1250 1774 diligentffrrze:
1264 1711 1355 1765 jam
1376 1713 1483 1756 enim
1503 1713 1578 1756 ho-

309 1788 456 1831 minem
469 1787 605 1844 scitis,
625 1788 756 1840 vobis,
769 1787 985 1839 militibus,
1000 1789 1226 1846 populoque
1242 1788 1473 1830 vitandum.
1490 1785 1580 1830 Has

304 1857 453 1904 literas
488 1875 587 1904 cum
622 1858 828 1903 Pertinax
864 1857 1128 1914 invenisset,
1155 1858 1198 1902 in
1239 1856 1388 1903 Albini
1422 1857 1577 1903 odium

305 1928 566 1989 publicavit.
594 1946 728 1991 quare
760 1928 947 1976 Albinus
971 1929 1209 1977 occidendi
1237 1929 1474 1978 Pertinacis
1503 1929 1575 1977 Ju-

306 2000 429 2048 liano
447 2002 600 2050 auctor
617 2000 715 2051 fuit.
