<?xml version="1.0" encoding="UTF-8"?>
<!DOCTYPE html PUBLIC "-//W3C//DTD XHTML 1.0 Transitional//EN"
    "http://www.w3.org/TR/xhtml1/DTD/xhtml1-transitional.dtd">
<html xmlns="http://www.w3.org/1999/xhtml" xml:lang="en" lang="en">
 <head>
  <title>
</title>
<meta http-equiv="Content-Type" content="text/html;charset=utf-8" />
  <meta name='ocr-system' content='tesseract 3.04.00' />
  <meta name='ocr-capabilities' content='ocr_page ocr_carea ocr_par ocr_line ocrx_word'/>
</head>
<body>
  <div class='ocr_page' id='page_1' title='image "./historiaeaugusta00bipouoft_0410.png"; bbox 0 0 1714 2807; ppageno 0'>
   <div class='ocr_carea' id='block_1_1' title="bbox 341 164 1369 219">
    <p class='ocr_par' dir='ltr' id='par_1_1' title="bbox 341 164 1369 219">
     <span class='ocr_line' id='line_1_1' title="bbox 341 164 1369 219; baseline 0.009 -10"><span class='ocrx_word' id='word_1_1' title='bbox 341 164 395 211; x_wconf 82' lang='lat'>18</span> <span class='ocrx_word' id='word_1_2' title='bbox 591 164 811 212; x_wconf 79' lang='lat' dir='ltr'><strong>JULII</strong></span> <span class='ocrx_word' id='word_1_3' title='bbox 862 165 1369 219; x_wconf 76' lang='lat' dir='ltr'>CAPITOLINI</span> 
     </span>
    </p>
   </div>
   <div class='ocr_carea' id='block_1_2' title="bbox 286 267 1613 2523">
    <p class='ocr_par' dir='ltr' id='par_1_2' title="bbox 323 267 1613 1135">
     <span class='ocr_line' id='line_1_2' title="bbox 330 267 1612 339; baseline 0.007 -24"><span class='ocrx_word' id='word_1_4' title='bbox 330 285 435 315; x_wconf 88' lang='lat' dir='ltr'>cum</span> <span class='ocrx_word' id='word_1_5' title='bbox 465 267 666 326; x_wconf 71' lang='lat' dir='ltr'>misisset,</span> <span class='ocrx_word' id='word_1_6' title='bbox 691 270 903 317; x_wconf 88' lang='lat' dir='ltr'>acerrima</span> <span class='ocrx_word' id='word_1_7' title='bbox 936 288 1081 335; x_wconf 83' lang='lat' dir='ltr'>pugna</span> <span class='ocrx_word' id='word_1_8' title='bbox 1111 271 1346 322; x_wconf 63' lang='lat' dir='ltr'>interfeclo</span> <span class='ocrx_word' id='word_1_9' title='bbox 1375 273 1496 334; x_wconf 79' lang='lat' dir='ltr'>filio,</span> <span class='ocrx_word' id='word_1_10' title='bbox 1523 275 1612 339; x_wconf 85' lang='lat' dir='ltr'>ipse</span> 
     </span>
     <span class='ocr_line' id='line_1_3' title="bbox 328 339 1613 403; baseline 0.008 -17"><span class='ocrx_word' id='word_1_11' title='bbox 328 339 498 403; x_wconf 86' lang='lat' dir='ltr'>laqueo</span> <span class='ocrx_word' id='word_1_12' title='bbox 524 339 662 386; x_wconf 88' lang='lat' dir='ltr'>vitam</span> <span class='ocrx_word' id='word_1_13' title='bbox 682 339 860 397; x_wconf 78' lang='lat' dir='ltr'>finivit3</span> <span class='ocrx_word' id='word_1_14' title='bbox 888 342 1028 390; x_wconf 87' lang='lat' dir='ltr'>sciens</span> <span class='ocrx_word' id='word_1_15' title='bbox 1045 380 1057 401; x_wconf 91' lang='lat'>,</span> <span class='ocrx_word' id='word_1_16' title='bbox 1077 347 1126 392; x_wconf 86' lang='lat'>&amp;</span> <span class='ocrx_word' id='word_1_17' title='bbox 1149 345 1194 391; x_wconf 89' lang='lat' dir='ltr'>in</span> <span class='ocrx_word' id='word_1_18' title='bbox 1227 348 1476 395; x_wconf 84' lang='lat' dir='ltr'>Maximino</span> <span class='ocrx_word' id='word_1_19' title='bbox 1501 350 1613 396; x_wconf 89' lang='lat' dir='ltr'>mul·</span> 
     </span>
     <span class='ocr_line' id='line_1_4' title="bbox 330 410 1612 475; baseline 0.007 -16"><span class='ocrx_word' id='word_1_20' title='bbox 330 425 426 459; x_wconf 88' lang='lat' dir='ltr'>tum</span> <span class='ocrx_word' id='word_1_21' title='bbox 457 410 541 457; x_wconf 82' lang='lat' dir='ltr'>effe</span> <span class='ocrx_word' id='word_1_22' title='bbox 573 411 779 469; x_wconf 87' lang='lat' dir='ltr'>roboris,</span> <span class='ocrx_word' id='word_1_23' title='bbox 800 414 848 461; x_wconf 85' lang='lat'>&amp;</span> <span class='ocrx_word' id='word_1_24' title='bbox 873 413 917 460; x_wconf 89' lang='lat' dir='ltr'>in</span> <span class='ocrx_word' id='word_1_25' title='bbox 943 414 1061 461; x_wconf 84' lang='lat' dir='ltr'>Afris</span> <span class='ocrx_word' id='word_1_26' title='bbox 1081 416 1190 463; x_wconf 88' lang='lat' dir='ltr'>nihil</span> <span class='ocrx_word' id='word_1_27' title='bbox 1211 417 1398 475; x_wconf 85' lang='lat' dir='ltr'>virium,</span> <span class='ocrx_word' id='word_1_28' title='bbox 1420 421 1612 468; x_wconf 87' lang='lat' dir='ltr'>multum</span> 
     </span>
     <span class='ocr_line' id='line_1_5' title="bbox 330 484 1612 556; baseline 0.008 -27"><span class='ocrx_word' id='word_1_29' title='bbox 330 484 439 546; x_wconf 85' lang='lat' dir='ltr'>quin</span> <span class='ocrx_word' id='word_1_30' title='bbox 470 484 612 531; x_wconf 90' lang='lat' dir='ltr'>immo</span> <span class='ocrx_word' id='word_1_31' title='bbox 650 484 859 548; x_wconf 71' lang='lat' dir='ltr'>perfidiae.</span> <span class='ocrx_word' id='word_1_32' title='bbox 894 487 1026 534; x_wconf 88' lang='lat' dir='ltr'>Tunc</span> <span class='ocrx_word' id='word_1_33' title='bbox 1056 489 1322 549; x_wconf 83' lang='lat' dir='ltr'>Capelianus</span> <span class='ocrx_word' id='word_1_34' title='bbox 1347 492 1491 538; x_wconf 64' lang='lat' dir='ltr'>viclor</span> <span class='ocrx_word' id='word_1_35' title='bbox 1525 509 1612 556; x_wconf 90' lang='lat' dir='ltr'>pro</span> 
     </span>
     <span class='ocr_line' id='line_1_6' title="bbox 327 556 1610 627; baseline 0.006 -23"><span class='ocrx_word' id='word_1_36' title='bbox 327 556 613 611; x_wconf 75' lang='lat' dir='ltr'>Maximino,</span> <span class='ocrx_word' id='word_1_37' title='bbox 650 574 807 605; x_wconf 88' lang='lat' dir='ltr'>omnes</span> <span class='ocrx_word' id='word_1_38' title='bbox 841 560 1062 606; x_wconf 89' lang='lat' dir='ltr'>Gordiani</span> <span class='ocrx_word' id='word_1_39' title='bbox 1097 563 1313 623; x_wconf 87' lang='lat' dir='ltr'>partium,</span> <span class='ocrx_word' id='word_1_40' title='bbox 1350 577 1475 610; x_wconf 91' lang='lat' dir='ltr'>motu</span> <span class='ocrx_word' id='word_1_41' title='bbox 1511 583 1610 627; x_wconf 90' lang='lat' dir='ltr'>par·</span> 
     </span>
     <span class='ocr_line' id='line_1_7' title="bbox 324 629 1611 695; baseline 0.004 -17"><span class='ocrx_word' id='word_1_42' title='bbox 324 630 438 678; x_wconf 65' lang='lat' dir='ltr'>tium</span> <span class='ocrx_word' id='word_1_43' title='bbox 459 631 503 676; x_wconf 92' lang='lat' dir='ltr'>in</span> <span class='ocrx_word' id='word_1_44' title='bbox 532 629 683 677; x_wconf 87' lang='lat' dir='ltr'>Africa</span> <span class='ocrx_word' id='word_1_45' title='bbox 710 630 935 678; x_wconf 84' lang='lat' dir='ltr'>interemit</span> <span class='ocrx_word' id='word_1_46' title='bbox 958 645 1088 695; x_wconf 88' lang='lat' dir='ltr'>atque</span> <span class='ocrx_word' id='word_1_47' title='bbox 1109 634 1394 695; x_wconf 74' lang='lat' dir='ltr'>proscripsit,</span> <span class='ocrx_word' id='word_1_48' title='bbox 1414 653 1494 684; x_wconf 89' lang='lat' dir='ltr'>nec</span> <span class='ocrx_word' id='word_1_49' title='bbox 1512 637 1611 683; x_wconf 83' lang='lat' dir='ltr'>cui-</span> 
     </span>
     <span class='ocr_line' id='line_1_8' title="bbox 325 703 1611 768; baseline 0.004 -18"><span class='ocrx_word' id='word_1_50' title='bbox 325 719 462 768; x_wconf 87' lang='lat' dir='ltr'>quam</span> <span class='ocrx_word' id='word_1_51' title='bbox 484 703 685 767; x_wconf 82' lang='lat' dir='ltr'>pepercit</span> <span class='ocrx_word' id='word_1_52' title='bbox 706 720 717 749; x_wconf 77' lang='grc' dir='ltr'><em>τ</em></span> <span class='ocrx_word' id='word_1_53' title='bbox 751 703 928 765; x_wconf 86' lang='lat' dir='ltr'>prorsus</span> <span class='ocrx_word' id='word_1_54' title='bbox 950 718 1002 750; x_wconf 87' lang='lat' dir='ltr'>ut</span> <span class='ocrx_word' id='word_1_55' title='bbox 1029 721 1084 752; x_wconf 91' lang='lat' dir='ltr'>ex</span> <span class='ocrx_word' id='word_1_56' title='bbox 1103 706 1256 752; x_wconf 89' lang='lat' dir='ltr'>animo</span> <span class='ocrx_word' id='word_1_57' title='bbox 1277 710 1512 755; x_wconf 77' lang='lat' dir='ltr'>Maximini</span> <span class='ocrx_word' id='word_1_58' title='bbox 1538 711 1611 756; x_wconf 90' lang='lat' dir='ltr'>vi-</span> 
     </span>
     <span class='ocr_line' id='line_1_9' title="bbox 323 774 1612 842; baseline 0.004 -18"><span class='ocrx_word' id='word_1_59' title='bbox 323 778 504 825; x_wconf 87' lang='lat' dir='ltr'>deretur</span> <span class='ocrx_word' id='word_1_60' title='bbox 546 778 641 824; x_wconf 83' lang='lat' dir='ltr'>haec</span> <span class='ocrx_word' id='word_1_61' title='bbox 681 774 837 824; x_wconf 84' lang='lat' dir='ltr'>facere.</span> <span class='ocrx_word' id='word_1_62' title='bbox 873 777 1093 825; x_wconf 86' lang='lat' dir='ltr'>Civitates</span> <span class='ocrx_word' id='word_1_63' title='bbox 1135 778 1328 842; x_wconf 88' lang='lat' dir='ltr'>denique</span> <span class='ocrx_word' id='word_1_64' title='bbox 1362 781 1612 840; x_wconf 86' lang='lat' dir='ltr'>subvertit,</span> 
     </span>
     <span class='ocr_line' id='line_1_10' title="bbox 325 851 1610 916; baseline -0.003 -11"><span class='ocrx_word' id='word_1_65' title='bbox 325 859 430 907; x_wconf 71' lang='lat' dir='ltr'>tana</span> <span class='ocrx_word' id='word_1_66' title='bbox 455 853 668 915; x_wconf 85' lang='lat' dir='ltr'>diripuit,</span> <span class='ocrx_word' id='word_1_67' title='bbox 695 851 882 897; x_wconf 88' lang='lat' dir='ltr'>donaria</span> <span class='ocrx_word' id='word_1_68' title='bbox 916 852 1130 900; x_wconf 74' lang='lat' dir='ltr'>militibus</span> <span class='ocrx_word' id='word_1_69' title='bbox 1165 853 1339 912; x_wconf 71' lang='lat' dir='ltr'>divisit,</span> <span class='ocrx_word' id='word_1_70' title='bbox 1364 855 1535 916; x_wconf 86' lang='lat' dir='ltr'>plebem</span> <span class='ocrx_word' id='word_1_71' title='bbox 1560 858 1610 905; x_wconf 86' lang='lat'>&amp;</span> 
     </span>
     <span class='ocr_line' id='line_1_11' title="bbox 325 923 1609 994; baseline -0.001 -19"><span class='ocrx_word' id='word_1_72' title='bbox 325 928 554 994; x_wconf 51' lang='lat' dir='ltr'>principes</span> <span class='ocrx_word' id='word_1_73' title='bbox 585 924 821 974; x_wconf 87' lang='lat' dir='ltr'>civitatum</span> <span class='ocrx_word' id='word_1_74' title='bbox 859 923 1074 971; x_wconf 78' lang='lat' dir='ltr'>concidit.</span> <span class='ocrx_word' id='word_1_75' title='bbox 1111 924 1204 987; x_wconf 85' lang='lat' dir='ltr'>Ipse</span> <span class='ocrx_word' id='word_1_76' title='bbox 1244 940 1453 987; x_wconf 80' lang='lat' dir='ltr'>praeterea</span> <span class='ocrx_word' id='word_1_77' title='bbox 1489 928 1609 974; x_wconf 89' lang='lat' dir='ltr'>mili-</span> 
     </span>
     <span class='ocr_line' id='line_1_12' title="bbox 323 998 1611 1064; baseline -0.003 -12"><span class='ocrx_word' id='word_1_78' title='bbox 323 1017 417 1053; x_wconf 80' lang='lat' dir='ltr'>tum</span> <span class='ocrx_word' id='word_1_79' title='bbox 451 1002 625 1051; x_wconf 82' lang='lat' dir='ltr'>animos</span> <span class='ocrx_word' id='word_1_80' title='bbox 660 999 740 1046; x_wconf 88' lang='lat' dir='ltr'>fibi</span> <span class='ocrx_word' id='word_1_81' title='bbox 776 999 1076 1056; x_wconf 74' lang='lat' dir='ltr'>conciliabat,</span> <span class='ocrx_word' id='word_1_82' title='bbox 1106 998 1357 1061; x_wconf 76' lang='lat' dir='ltr'>praeludens</span> <span class='ocrx_word' id='word_1_83' title='bbox 1382 1001 1437 1046; x_wconf 88' lang='lat' dir='ltr'>ad</span> <span class='ocrx_word' id='word_1_84' title='bbox 1467 1000 1611 1064; x_wconf 90' lang='lat' dir='ltr'>impe·</span> 
     </span>
     <span class='ocr_line' id='line_1_13' title="bbox 326 1072 1036 1135; baseline -0.01 -9"><span class='ocrx_word' id='word_1_85' title='bbox 326 1077 444 1126; x_wconf 87' lang='lat' dir='ltr'>rium</span> <span class='ocrx_word' id='word_1_86' title='bbox 462 1112 474 1132; x_wconf 84' lang='lat'>‚</span> <span class='ocrx_word' id='word_1_87' title='bbox 495 1077 523 1121; x_wconf 80' lang='lat' dir='ltr'>ti</span> <span class='ocrx_word' id='word_1_88' title='bbox 554 1072 826 1120; x_wconf 84' lang='lat' dir='ltr'>Maximinus</span> <span class='ocrx_word' id='word_1_89' title='bbox 849 1072 1036 1135; x_wconf 75' lang='lat' dir='ltr'>perisset.</span> 
     </span>
    </p>

    <p class='ocr_par' dir='ltr' id='par_1_3' title="bbox 286 1142 1610 2523">
     <span class='ocr_line' id='line_1_14' title="bbox 387 1142 1608 1203; baseline -0.002 -9"><span class='ocrx_word' id='word_1_90' title='bbox 387 1148 498 1196; x_wconf 89' lang='lat' dir='ltr'>XX.</span> <span class='ocrx_word' id='word_1_91' title='bbox 531 1146 638 1191; x_wconf 85' lang='lat' dir='ltr'>Haec</span> <span class='ocrx_word' id='word_1_92' title='bbox 674 1143 752 1189; x_wconf 90' lang='lat' dir='ltr'>ubi</span> <span class='ocrx_word' id='word_1_93' title='bbox 783 1145 974 1189; x_wconf 80' lang='lat' dir='ltr'>Romam</span> <span class='ocrx_word' id='word_1_94' title='bbox 1014 1142 1215 1189; x_wconf 86' lang='lat' dir='ltr'>nuntiata</span> <span class='ocrx_word' id='word_1_95' title='bbox 1248 1142 1375 1198; x_wconf 88' lang='lat' dir='ltr'>sunt,</span> <span class='ocrx_word' id='word_1_96' title='bbox 1397 1143 1608 1203; x_wconf 83' lang='lat' dir='ltr'>Senatus,</span> 
     </span>
     <span class='ocr_line' id='line_1_15' title="bbox 324 1214 1610 1276; baseline -0.002 -9"><span class='ocrx_word' id='word_1_97' title='bbox 324 1218 567 1268; x_wconf 84' lang='lat' dir='ltr'>Maximini</span> <span class='ocrx_word' id='word_1_98' title='bbox 595 1219 643 1265; x_wconf 85' lang='lat'>&amp;</span> <span class='ocrx_word' id='word_1_99' title='bbox 672 1217 916 1262; x_wconf 76' lang='lat' dir='ltr'>naturalem</span> <span class='ocrx_word' id='word_1_100' title='bbox 949 1217 997 1262; x_wconf 88' lang='lat'>&amp;</span> <span class='ocrx_word' id='word_1_101' title='bbox 1028 1214 1112 1276; x_wconf 86' lang='lat' dir='ltr'>jam</span> <span class='ocrx_word' id='word_1_102' title='bbox 1143 1215 1422 1263; x_wconf 80' lang='lat' dir='ltr'>necessariam</span> <span class='ocrx_word' id='word_1_103' title='bbox 1451 1217 1610 1264; x_wconf 82' lang='lat' dir='ltr'>crude-</span> 
     </span>
     <span class='ocr_line' id='line_1_16' title="bbox 323 1288 1608 1347; baseline -0.005 -5"><span class='ocrx_word' id='word_1_104' title='bbox 323 1295 495 1343; x_wconf 88' lang='lat' dir='ltr'>litatem</span> <span class='ocrx_word' id='word_1_105' title='bbox 528 1292 688 1339; x_wconf 89' lang='lat' dir='ltr'>timens</span> <span class='ocrx_word' id='word_1_106' title='bbox 706 1325 720 1347; x_wconf 92' lang='lat'><strong>‚</strong></span> <span class='ocrx_word' id='word_1_107' title='bbox 752 1289 941 1335; x_wconf 82' lang='lat' dir='ltr'>mortuis</span> <span class='ocrx_word' id='word_1_108' title='bbox 969 1288 1143 1334; x_wconf 90' lang='lat' dir='ltr'>duobus</span> <span class='ocrx_word' id='word_1_109' title='bbox 1171 1289 1442 1346; x_wconf 85' lang='lat' dir='ltr'>Gordianis,</span> <span class='ocrx_word' id='word_1_110' title='bbox 1467 1289 1608 1336; x_wconf 85' lang='lat' dir='ltr'>Maxi-</span> 
     </span>
     <span class='ocr_line' id='line_1_17' title="bbox 325 1360 1609 1425; baseline -0.004 -11"><span class='ocrx_word' id='word_1_111' title='bbox 325 1383 451 1415; x_wconf 89' lang='lat' dir='ltr'>mum</span> <span class='ocrx_word' id='word_1_112' title='bbox 482 1363 730 1425; x_wconf 83' lang='lat' dir='ltr'>Pupienum</span> <span class='ocrx_word' id='word_1_113' title='bbox 753 1378 806 1407; x_wconf 89' lang='lat' dir='ltr'>ex</span> <span class='ocrx_word' id='word_1_114' title='bbox 828 1360 1041 1407; x_wconf 71' lang='lat' dir='ltr'>Praefe&amp;o</span> <span class='ocrx_word' id='word_1_115' title='bbox 1062 1360 1200 1416; x_wconf 90' lang='lat' dir='ltr'>Urbi,</span> <span class='ocrx_word' id='word_1_116' title='bbox 1226 1363 1274 1407; x_wconf 72' lang='grc' dir='ltr'>ὅ(</span> <span class='ocrx_word' id='word_1_117' title='bbox 1295 1360 1371 1423; x_wconf 86' lang='lat' dir='ltr'>qui</span> <span class='ocrx_word' id='word_1_118' title='bbox 1395 1360 1609 1423; x_wconf 84' lang='lat' dir='ltr'>plurimas</span> 
     </span>
     <span class='ocr_line' id='line_1_18' title="bbox 323 1433 1608 1503; baseline -0.005 -17"><span class='ocrx_word' id='word_1_119' title='bbox 323 1438 564 1503; x_wconf 83' lang='lat' dir='ltr'>dignitates</span> <span class='ocrx_word' id='word_1_120' title='bbox 605 1434 829 1497; x_wconf 84' lang='lat' dir='ltr'>praecipue</span> <span class='ocrx_word' id='word_1_121' title='bbox 872 1433 1050 1498; x_wconf 80' lang='lat' dir='ltr'>gessiffet</span> <span class='ocrx_word' id='word_1_122' title='bbox 1069 1465 1082 1488; x_wconf 92' lang='lat'><strong>‚</strong></span> <span class='ocrx_word' id='word_1_123' title='bbox 1124 1433 1368 1497; x_wconf 85' lang='lat' dir='ltr'>ignobilem</span> <span class='ocrx_word' id='word_1_124' title='bbox 1410 1451 1570 1496; x_wconf 86' lang='lat' dir='ltr'>genere</span> <span class='ocrx_word' id='word_1_125' title='bbox 1591 1469 1608 1491; x_wconf 89' lang='lat'>,</span> 
     </span>
     <span class='ocr_line' id='line_1_19' title="bbox 324 1507 1606 1564; baseline -0.007 -2"><span class='ocrx_word' id='word_1_126' title='bbox 324 1514 400 1562; x_wconf 84' lang='lat' dir='ltr'>sed</span> <span class='ocrx_word' id='word_1_127' title='bbox 428 1509 667 1559; x_wconf 86' lang='lat' dir='ltr'>virtutibus</span> <span class='ocrx_word' id='word_1_128' title='bbox 695 1508 886 1564; x_wconf 89' lang='lat' dir='ltr'>clarum,</span> <span class='ocrx_word' id='word_1_129' title='bbox 915 1508 962 1555; x_wconf 88' lang='lat'>&amp;</span> <span class='ocrx_word' id='word_1_130' title='bbox 983 1507 1197 1554; x_wconf 86' lang='lat' dir='ltr'>Clodium</span> <span class='ocrx_word' id='word_1_131' title='bbox 1223 1507 1453 1553; x_wconf 87' lang='lat' dir='ltr'>Balbinum</span> <span class='ocrx_word' id='word_1_132' title='bbox 1472 1543 1484 1563; x_wconf 92' lang='lat'>‚</span> <span class='ocrx_word' id='word_1_133' title='bbox 1507 1525 1606 1553; x_wconf 91' lang='lat' dir='ltr'>mo-</span> 
     </span>
     <span class='ocr_line' id='line_1_20' title="bbox 286 1580 1607 1643; baseline -0.006 -7"><span class='ocrx_word' id='word_1_134' title='bbox 286 1611 290 1617; x_wconf 56' lang='lat'><em>*</em></span> <span class='ocrx_word' id='word_1_135' title='bbox 323 1589 447 1637; x_wconf 85' lang='lat' dir='ltr'>ribus</span> <span class='ocrx_word' id='word_1_136' title='bbox 485 1582 821 1639; x_wconf 87' lang='lat' dir='ltr'>delicatiorem,</span> <span class='ocrx_word' id='word_1_137' title='bbox 851 1583 1145 1643; x_wconf 87' lang='lat' dir='ltr'>Imperatores</span> <span class='ocrx_word' id='word_1_138' title='bbox 1179 1580 1363 1627; x_wconf 85' lang='lat' dir='ltr'>creavit.</span> <span class='ocrx_word' id='word_1_139' title='bbox 1394 1581 1552 1640; x_wconf 84' lang='lat' dir='ltr'>quibus</span> <span class='ocrx_word' id='word_1_140' title='bbox 1582 1598 1607 1628; x_wconf 91' lang='lat' dir='ltr'>a</span> 
     </span>
     <span class='ocr_line' id='line_1_21' title="bbox 324 1653 1608 1726; baseline -0.004 -19"><span class='ocrx_word' id='word_1_141' title='bbox 324 1658 506 1726; x_wconf 86' lang='lat' dir='ltr'>populo</span> <span class='ocrx_word' id='word_1_142' title='bbox 536 1655 740 1720; x_wconf 86' lang='lat' dir='ltr'>Augustis</span> <span class='ocrx_word' id='word_1_143' title='bbox 766 1654 1021 1717; x_wconf 86' lang='lat' dir='ltr'>appellatis,</span> <span class='ocrx_word' id='word_1_144' title='bbox 1045 1671 1120 1718; x_wconf 87' lang='lat' dir='ltr'>per</span> <span class='ocrx_word' id='word_1_145' title='bbox 1150 1653 1310 1700; x_wconf 84' lang='lat' dir='ltr'>milites</span> <span class='ocrx_word' id='word_1_146' title='bbox 1339 1655 1387 1700; x_wconf 69' lang='grc' dir='ltr'>ὃ(</span> <span class='ocrx_word' id='word_1_147' title='bbox 1418 1656 1608 1702; x_wconf 86' lang='lat' dir='ltr'>eundem</span> 
     </span>
     <span class='ocr_line' id='line_1_22' title="bbox 324 1727 1608 1798; baseline -0.002 -21"><span class='ocrx_word' id='word_1_148' title='bbox 324 1732 547 1798; x_wconf 87' lang='lat' dir='ltr'>populum</span> <span class='ocrx_word' id='word_1_149' title='bbox 585 1729 717 1775; x_wconf 89' lang='lat' dir='ltr'>etiam</span> <span class='ocrx_word' id='word_1_150' title='bbox 758 1728 971 1790; x_wconf 87' lang='lat' dir='ltr'>parvulus</span> <span class='ocrx_word' id='word_1_151' title='bbox 1015 1744 1156 1790; x_wconf 88' lang='lat' dir='ltr'>nepos</span> <span class='ocrx_word' id='word_1_152' title='bbox 1201 1727 1420 1774; x_wconf 86' lang='lat' dir='ltr'>Gordiani</span> <span class='ocrx_word' id='word_1_153' title='bbox 1459 1728 1608 1775; x_wconf 84' lang='lat' dir='ltr'>Caesar</span> 
     </span>
     <span class='ocr_line' id='line_1_23' title="bbox 322 1799 1607 1865; baseline -0.005 -12"><span class='ocrx_word' id='word_1_154' title='bbox 322 1805 387 1854; x_wconf 84' lang='lat' dir='ltr'>est</span> <span class='ocrx_word' id='word_1_155' title='bbox 415 1803 567 1850; x_wconf 64' lang='lat' dir='ltr'>dietus.</span> <span class='ocrx_word' id='word_1_156' title='bbox 599 1802 765 1848; x_wconf 86' lang='lat' dir='ltr'>Tribus</span> <span class='ocrx_word' id='word_1_157' title='bbox 791 1801 927 1865; x_wconf 85' lang='lat' dir='ltr'>igitur</span> <span class='ocrx_word' id='word_1_158' title='bbox 953 1799 1300 1862; x_wconf 72' lang='lat' dir='ltr'>imperatoribus</span> <span class='ocrx_word' id='word_1_159' title='bbox 1323 1812 1478 1846; x_wconf 88' lang='lat' dir='ltr'>contra</span> <span class='ocrx_word' id='word_1_160' title='bbox 1504 1803 1607 1847; x_wconf 91' lang='lat' dir='ltr'>Ma-</span> 
     </span>
     <span class='ocr_line' id='line_1_24' title="bbox 323 1873 1606 1936; baseline -0.006 -11"><span class='ocrx_word' id='word_1_161' title='bbox 323 1878 544 1928; x_wconf 82' lang='lat' dir='ltr'>ximinum</span> <span class='ocrx_word' id='word_1_162' title='bbox 580 1873 689 1921; x_wconf 89' lang='lat' dir='ltr'>fulta</span> <span class='ocrx_word' id='word_1_163' title='bbox 717 1873 962 1936; x_wconf 86' lang='lat' dir='ltr'>respublica</span> <span class='ocrx_word' id='word_1_164' title='bbox 994 1873 1067 1921; x_wconf 87' lang='lat' dir='ltr'>est.</span> <span class='ocrx_word' id='word_1_165' title='bbox 1091 1873 1255 1918; x_wconf 88' lang='lat' dir='ltr'>horum</span> <span class='ocrx_word' id='word_1_166' title='bbox 1278 1884 1425 1918; x_wconf 90' lang='lat' dir='ltr'>tamen</span> <span class='ocrx_word' id='word_1_167' title='bbox 1458 1873 1606 1917; x_wconf 85' lang='lat' dir='ltr'>Maxi-</span> 
     </span>
     <span class='ocr_line' id='line_1_25' title="bbox 322 1944 1606 2010; baseline -0.008 -11"><span class='ocrx_word' id='word_1_168' title='bbox 322 1965 424 1999; x_wconf 86' lang='lat' dir='ltr'>mus</span> <span class='ocrx_word' id='word_1_169' title='bbox 446 1949 537 1996; x_wconf 88' lang='lat' dir='ltr'>vira</span> <span class='ocrx_word' id='word_1_170' title='bbox 566 1946 1049 2009; x_wconf 85' lang='lat' dir='ltr'>severior,-prudentia</span> <span class='ocrx_word' id='word_1_171' title='bbox 1075 1945 1284 2010; x_wconf 88' lang='lat' dir='ltr'>gravior,</span> <span class='ocrx_word' id='word_1_172' title='bbox 1304 1944 1473 1990; x_wconf 87' lang='lat' dir='ltr'>virtute</span> <span class='ocrx_word' id='word_1_173' title='bbox 1493 1960 1606 1990; x_wconf 92' lang='lat' dir='ltr'>con-</span> 
     </span>
     <span class='ocr_line' id='line_1_26' title="bbox 324 2020 1607 2084; baseline -0.004 -13"><span class='ocrx_word' id='word_1_174' title='bbox 324 2023 529 2071; x_wconf 81' lang='lat' dir='ltr'>stantior.</span> <span class='ocrx_word' id='word_1_175' title='bbox 555 2021 746 2084; x_wconf 86' lang='lat' dir='ltr'>denique</span> <span class='ocrx_word' id='word_1_176' title='bbox 773 2022 850 2083; x_wconf 77' lang='lat' dir='ltr'>ipsi</span> <span class='ocrx_word' id='word_1_177' title='bbox 868 2057 880 2077; x_wconf 92' lang='lat'><em>‚</em></span> <span class='ocrx_word' id='word_1_178' title='bbox 906 2034 1064 2069; x_wconf 91' lang='lat' dir='ltr'>contra</span> <span class='ocrx_word' id='word_1_179' title='bbox 1092 2020 1387 2066; x_wconf 87' lang='lat' dir='ltr'>Maximinum</span> <span class='ocrx_word' id='word_1_180' title='bbox 1407 2055 1421 2076; x_wconf 91' lang='lat'>‚</span> <span class='ocrx_word' id='word_1_181' title='bbox 1453 2021 1500 2067; x_wconf 88' lang='lat'>&amp;</span> <span class='ocrx_word' id='word_1_182' title='bbox 1527 2021 1607 2066; x_wconf 85' lang='lat' dir='ltr'>Se-</span> 
     </span>
     <span class='ocr_line' id='line_1_27' title="bbox 322 2091 1604 2153; baseline -0.003 -10"><span class='ocrx_word' id='word_1_183' title='bbox 322 2110 455 2153; x_wconf 84' lang='lat' dir='ltr'>natus</span> <span class='ocrx_word' id='word_1_184' title='bbox 505 2096 554 2141; x_wconf 87' lang='lat'>&amp;</span> <span class='ocrx_word' id='word_1_185' title='bbox 599 2093 807 2139; x_wconf 89' lang='lat' dir='ltr'>Balbinus</span> <span class='ocrx_word' id='word_1_186' title='bbox 849 2094 1013 2140; x_wconf 82' lang='lat' dir='ltr'>bellum</span> <span class='ocrx_word' id='word_1_187' title='bbox 1057 2092 1354 2140; x_wconf 89' lang='lat' dir='ltr'>crediderunt.</span> <span class='ocrx_word' id='word_1_188' title='bbox 1395 2091 1604 2139; x_wconf 67' lang='lat' dir='ltr'>Profecto</span> 
     </span>
     <span class='ocr_line' id='line_1_28' title="bbox 325 2165 1605 2235; baseline -0.006 -17"><span class='ocrx_word' id='word_1_189' title='bbox 325 2171 463 2235; x_wconf 76' lang='lat' dir='ltr'>igitur</span> <span class='ocrx_word' id='word_1_190' title='bbox 482 2169 535 2216; x_wconf 92' lang='lat' dir='ltr'>ad</span> <span class='ocrx_word' id='word_1_191' title='bbox 560 2168 723 2214; x_wconf 90' lang='lat' dir='ltr'>bellum</span> <span class='ocrx_word' id='word_1_192' title='bbox 752 2168 957 2214; x_wconf 86' lang='lat' dir='ltr'>Maximo</span> <span class='ocrx_word' id='word_1_193' title='bbox 985 2180 1141 2214; x_wconf 87' lang='lat' dir='ltr'>contra</span> <span class='ocrx_word' id='word_1_194' title='bbox 1161 2165 1460 2212; x_wconf 85' lang='lat' dir='ltr'>Maximinum</span> <span class='ocrx_word' id='word_1_195' title='bbox 1477 2200 1487 2217; x_wconf 76' lang='lat'>,</span> <span class='ocrx_word' id='word_1_196' title='bbox 1506 2166 1605 2211; x_wconf 82' lang='lat' dir='ltr'>Bal-</span> 
     </span>
     <span class='ocr_line' id='line_1_29' title="bbox 324 2236 1608 2292; baseline -0.008 -1"><span class='ocrx_word' id='word_1_197' title='bbox 324 2243 458 2292; x_wconf 91' lang='lat' dir='ltr'>binus</span> <span class='ocrx_word' id='word_1_198' title='bbox 486 2244 644 2286; x_wconf 85' lang='lat' dir='ltr'>Romae</span> <span class='ocrx_word' id='word_1_199' title='bbox 670 2239 794 2285; x_wconf 91' lang='lat' dir='ltr'>bellis</span> <span class='ocrx_word' id='word_1_200' title='bbox 821 2239 1036 2285; x_wconf 83' lang='lat' dir='ltr'>intestinis</span> <span class='ocrx_word' id='word_1_201' title='bbox 1063 2239 1111 2284; x_wconf 72' lang='grc' dir='ltr'>ὅ(</span> <span class='ocrx_word' id='word_1_202' title='bbox 1145 2236 1396 2284; x_wconf 85' lang='lat' dir='ltr'>domesticis</span> <span class='ocrx_word' id='word_1_203' title='bbox 1423 2236 1608 2283; x_wconf 88' lang='lat' dir='ltr'>seditio-</span> 
     </span>
     <span class='ocr_line' id='line_1_30' title="bbox 325 2309 1603 2377; baseline -0.006 -15"><span class='ocrx_word' id='word_1_204' title='bbox 325 2316 461 2362; x_wconf 86' lang='lat' dir='ltr'>nibus</span> <span class='ocrx_word' id='word_1_205' title='bbox 504 2315 775 2377; x_wconf 88' lang='lat' dir='ltr'>urgebatur;</span> <span class='ocrx_word' id='word_1_206' title='bbox 819 2311 975 2359; x_wconf 70' lang='lat' dir='ltr'>occisis</span> <span class='ocrx_word' id='word_1_207' title='bbox 1011 2311 1236 2373; x_wconf 86' lang='lat' dir='ltr'>praecipue</span> <span class='ocrx_word' id='word_1_208' title='bbox 1271 2326 1348 2372; x_wconf 87' lang='lat' dir='ltr'>per</span> <span class='ocrx_word' id='word_1_209' title='bbox 1385 2309 1603 2372; x_wconf 86' lang='lat' dir='ltr'>populum</span> 
     </span>
     <span class='ocr_line' id='line_1_31' title="bbox 325 2383 1604 2446; baseline -0.005 -11"><span class='ocrx_word' id='word_1_210' title='bbox 325 2388 594 2444; x_wconf 87' lang='lat' dir='ltr'>Gallicano,</span> <span class='ocrx_word' id='word_1_211' title='bbox 630 2387 679 2433; x_wconf 91' lang='lat'>&amp;</span> <span class='ocrx_word' id='word_1_212' title='bbox 720 2387 998 2432; x_wconf 86' lang='lat' dir='ltr'>Maecenate:</span> <span class='ocrx_word' id='word_1_213' title='bbox 1031 2383 1108 2446; x_wconf 89' lang='lat' dir='ltr'>qui</span> <span class='ocrx_word' id='word_1_214' title='bbox 1140 2383 1318 2444; x_wconf 89' lang='lat' dir='ltr'>quidem</span> <span class='ocrx_word' id='word_1_215' title='bbox 1356 2383 1547 2444; x_wconf 87' lang='lat' dir='ltr'>populus</span> <span class='ocrx_word' id='word_1_216' title='bbox 1579 2399 1604 2429; x_wconf 85' lang='lat' dir='ltr'>a</span> 
     </span>
     <span class='ocr_line' id='line_1_32' title="bbox 328 2453 1603 2523; baseline -0.002 -19"><span class='ocrx_word' id='word_1_217' title='bbox 328 2457 609 2523; x_wconf 66' lang='lat' dir='ltr'>praetorianis</span> <span class='ocrx_word' id='word_1_218' title='bbox 638 2458 826 2505; x_wconf 87' lang='lat' dir='ltr'>laniatus</span> <span class='ocrx_word' id='word_1_219' title='bbox 848 2455 938 2516; x_wconf 85' lang='lat' dir='ltr'>est,</span> <span class='ocrx_word' id='word_1_220' title='bbox 966 2472 1068 2505; x_wconf 86' lang='lat' dir='ltr'>cum</span> <span class='ocrx_word' id='word_1_221' title='bbox 1091 2454 1302 2502; x_wconf 86' lang='lat' dir='ltr'>Balbinus</span> <span class='ocrx_word' id='word_1_222' title='bbox 1320 2453 1510 2502; x_wconf 76' lang='lat' dir='ltr'>resistere</span> <span class='ocrx_word' id='word_1_223' title='bbox 1536 2453 1603 2502; x_wconf 86' lang='lat' dir='ltr'>se-</span> 
     </span>
    </p>
   </div>
  </div>
 </body>
</html>
