1714 2807
345 179 406 238 46
597 177 808 224 JULII
857 176 1363 223 CAPITOLINI

344 282 477 336 tavit,
497 281 547 328 &
578 279 855 327 ornamentis
885 280 1206 328 Consularibus
1237 282 1443 329 donavit.
1465 282 1494 329 fi
1512 299 1628 345 quos

346 353 689 417 repetundarum
710 353 966 409 damnavit,
993 368 1150 400 eorum
1171 354 1201 399 li
1265 355 1322 401 ris
1341 356 1460 402 bona
1483 368 1633 418 pater-

298 478 302 483 ,
346 446 404 476 na
434 425 646 474 restituit:
685 441 734 472 ea
762 439 910 472 tamen
943 426 1065 488 lege,
1096 440 1144 472 ut
1175 427 1204 472 il
1272 428 1634 490 provincialibus

346 501 582 549 redderent
600 535 614 554 ‚
641 499 767 561 quod
790 512 991 560 parentes
1012 513 1286 562 acceperant.
1305 503 1375 547 Ad
1397 502 1635 565 indulgen-

346 574 430 622 tias
455 571 742 634 proniffimus
771 569 867 616 fuit.
895 571 1022 618 Edita
1052 589 1259 630 munera,
1286 573 1333 618 in
1359 574 1521 636 quibus
1547 576 1636 622 ele·

347 647 566 710 phantos,
592 647 640 692 &
657 656 918 690 corocottas
936 680 950 703 ‚
976 647 1024 692 δι
1044 645 1393 707 strepiicerotaS‚
1419 649 1636 695 crocodi-

348 719 421 765 los
453 719 584 764 etiam
616 731 749 780 atque
784 716 1140 780 hippopotamos
1159 754 1172 777 ,
1196 720 1245 765 ἃ
1267 720 1418 766 omnia
1449 737 1505 766 ex
1532 734 1635 768 toto

348 794 466 840 orbe
502 806 720 839 terrarum
755 808 859 839 cum
897 793 1135 856 tigridibus
1185 794 1421 854 exhibuit,
1455 808 1636 843 centum

348 867 484 913 ctiam
516 867 669 913 leones
694 883 784 913 una
807 866 1011 913 miffione
1030 866 1181 914 edidit.

357 951 366 958 “
415 939 496 986 Χῖ.
522 937 688 985 Amicis
717 936 806 985 suis
824 937 870 984 in
894 937 1086 999 imperio
1105 938 1182 984 suo
1204 954 1298 985 non
1316 939 1441 986 aliter
1459 939 1558 986 usus
1576 939 1638 987 est

349 1028 487 1069 (mam
519 1010 744 1072 privatus:
772 1010 878 1073 quia
910 1013 959 1057 δε
994 1009 1073 1071 ipfi
1108 1027 1335 1073 nunquam
1368 1011 1422 1057 de
1450 1027 1506 1057 eo
1533 1027 1636 1057 eum

350 1084 522 1131 libertis
550 1084 633 1131 suis
656 1100 734 1145 per
765 1083 935 1129 fumum
962 1082 1128 1144 aliquid
1153 1082 1471 1129 vendiderunt:
1503 1082 1638 1146 siqui-

1678 0 1714 213 i,

1697 361 1714 492 1

1703 584 1714 615 ἕ

349 1158 451 1203 dem
488 1156 657 1202 libertis
689 1155 774 1203 suis
807 1154 1076 1201 severiffime
1107 1153 1206 1202 usus
1235 1155 1308 1202 est.
1349 1155 1547 1201 Amavit*
1568 1155 1638 1200 hi·
1698 1183 1709 1198 ,ι

350 1230 571 1276 ssrionum
605 1240 734 1275 artes.
768 1227 981 1290 piscando
1023 1226 1065 1272 se
1097 1228 1146 1274 &
1195 1227 1405 1274 venando
1445 1226 1635 1274 multum

351 1301 626 1360 oblectavit,
646 1302 694 1348 &
711 1300 1068 1347 deambuiatione
1096 1317 1195 1347 cum
1220 1300 1374 1347 amicis
1395 1314 1527 1363 atque
1548 1300 1638 1347 ser·
1683 1352 1688 1355 ³

353 1391 506 1423 mone.
527 1373 786 1421 Vindemias
808 1372 972 1434 privati
995 1374 1134 1419 modo
1155 1390 1254 1420 cum
1282 1373 1434 1420 amicis
1470 1373 1639 1436 agebar.

352 1448 633 1495 Rhetoribus
653 1449 702 1495 &
724 1446 1008 1510 philosophis
1027 1464 1105 1509 per
1126 1463 1284 1494 omnes
1305 1447 1568 1510 provincias
1589 1447 1639 1494 &

356 1522 558 1568 honores
585 1523 635 1568 &
663 1519 813 1566 salaria
845 1519 1014 1566 detulit.
1041 1519 1283 1566 Orationes
1314 1518 1516 1582 plerique
1535 1517 1642 1564 alie-

358 1611 435 1641 nas
465 1595 704 1650 dixerunt,
722 1609 825 1655 quae
854 1592 931 1639 sub
958 1591 1050 1651 ejus
1079 1592 1264 1638 nomine
1290 1590 1518 1638 feruntur:
1540 1593 1642 1637 Ma-

358 1667 452 1713 rius
482 1667 706 1712 Maximus
735 1663 829 1724 ejus
855 1663 1060 1726 proprias
1092 1663 1366 1711 fuiffe'dicit.
1401 1663 1639 1712 Convivia

359 1755 460 1787 cum
489 1739 643 1786 amicis
671 1741 720 1786 &
744 1738 921 1799 privata
957 1737 1315 1805 communicavit
1351 1739 1399 1785 &
1432 1736 1642 1801 publica:
1713 1766 1714 1773 1

359 1828 444 1859 nec
471 1811 612 1857 ullum
646 1810 912 1858 sacrificium
944 1827 1022 1872 per
1048 1811 1267 1858 vicarium
1289 1810 1419 1867 fecit,
1439 1810 1519 1856 nifi
1539 1827 1643 1857 cum

361 1902 475 1946 aeger
505 1884 603 1929 fuit.
621 1885 736 1929 Cum
757 1884 834 1930 fibi
853 1886 901 1931 &
927 1884 1029 1930 filiis
1047 1884 1248 1931 honores
1270 1896 1465 1945 peteret,
1487 1883 1642 1929 omnia
1701 1929 1705 1936 ,

359 1955 482 2019 quali
520 1955 721 2016 privatus
752 1954 871 2002 fecit.
908 1956 1226 2019 Frequentavit
1257 1959 1306 2003 &
1342 1955 1433 2018 ipse
1473 1957 1640 2001 amico·

361 2045 457 2076 rum
484 2028 663 2074 suorum
692 2028 926 2076 convivia.
950 2032 1069 2076 Inter
1088 2028 1171 2075 alia
1205 2028 1336 2075 etiam
1373 2030 1457 2077 hoc
1486 2027 1640 2073 civili-

361 2101 463 2146 tatis
492 2099 584 2160 ejus
604 2099 877 2161 praecipuum
904 2114 1211 2163 argumentum
1232 2101 1317 2156 est,
1341 2098 1461 2161 quod
1476 2133 1490 2156 ,
1512 2115 1640 2157 cum,

362 2173 546 2219 domum
574 2172 732 2218 Omuli
761 2173 908 2220 visens
932 2209 946 2232 ‚
977 2173 1228 2237 miransque
1265 2171 1494 2217 columnas
1531 2187 1639 2232 pot·-

362 2244 621 2307 phyreticas
642 2279 656 2302 ‚
693 2245 937 2308 requififfet
957 2281 970 2302 ,
1004 2248 1121 2292 unde
1153 2263 1223 2291 eas
1253 2243 1433 2288 haberet
1453 2277 1466 2300 ‚
1503 2250 1638 2305 atque
1670 2306 1673 2311 Ι

363 2319 559 2365 Omuhls
592 2318 630 2364 ei
665 2318 862 2376 dixisset,
894 2323 995 2366 Cum
1028 2323 1073 2365 irz
1101 2324 1264 2366 cio-num
1296 2318 1478 2364 alienam
1514 2335 1636 2363 vene-

363 2393 449 2447 ris,
477 2389 519 2436 G*
547 2407 684 2438 tttutus
719 2390 940 2453 &surdus
976 2394 1083 2458 fsz⁷0;
1116 2390 1333 2451 patienter
1361 2389 1474 2437 tulit.
1511 2387 1639 2450 cujus

364 2463 523 2511 Omuli
551 2465 688 2512 muita
718 2456 1021 2529 joca'semper
1047 2464 1265 2528 patienter
1290 2462 1476 2525 accepit.
