1714 2807
334 121 507 158 xxxw
790 111 1148 158 INDEX

386 210 574 271 AET‘As
601 230 674 272 111
722 234 1085 276 CASAUBONIO
1116 257 1162 265 -
1195 234 1569 277 GRUTERJANA

331 347 460 390 scilicet
480 349 532 401 Is.
560 350 777 403 Cafizubom’,
793 351 828 391 J.
853 350 1000 399 Grrtterr‘,
1024 351 1064 390 &
1086 352 1146 404 qui
1169 351 1205 391 se
1225 351 1275 391 illi
1304 352 1468 401 adjunxit
1487 353 1606 392 comi-

267 1492 271 1496 .
337 1433 432 1487 1603

331 1709 434 1762 1609

281 1846 290 1852 -
333 1823 430 1865 1611

490 416 587 452 tem,
613 405 662 443 (ΣΙ.
678 404 844 456 Salmafii
858 434 868 451 ‚
884 405 977 444 curis
997 404 1199 458 perfeffior,
1215 407 1261 444 ab
1283 420 1340 445 an.
1360 407 1454 459 1603
1478 408 1524 445 ad
1538 421 1609 446 no-

492 457 560 496 stra
574 457 681 510 usque
696 471 864 510 tempora
882 460 1072 512 procurrit.
1093 459 1206 498 Nova
1228 459 1358 498 oborta
1380 460 1439 498 lux
1453 459 1600 513 Scriptt.

487 512 536 549 H.
564 511 609 549 A.
636 512 836 551 minoribus
861 527 882 550 a
919 513 1114 551 triumviris
1143 512 1263 558 hisce,
1291 526 1445 566 quorum
1466 515 1605 566 primus

487 578 545 603 an.
574 565 671 617 1603
693 565 733 605 &
754 576 894 605 textum
911 566 1166 605 correfflorem
1192 567 1231 606 8(
1255 566 1406 606 Comm.
1429 567 1604 621 insignem

490 618 623 667 ediclit3
646 619 734 658 alter
760 620 825 659 161
841 634 854 658 1
882 620 1071 658 leffionem
1095 621 1130 658 in
1147 620 1294 671 Scriptt.
1311 620 1358 660 H.
1377 621 1426 660 A.
1443 621 1604 662 minores

487 685 614 711 omnes
635 688 655 710 a
679 672 714 711 se
735 673 903 712 colle&0s
926 688 1007 712 cum
1025 673 1133 713 MSS.
1148 673 1269 713 Codd.
1289 673 1362 713 Pal.
1380 674 1501 714 denuo
1517 688 1605 714 con·

489 726 590 772 tulit,
618 727 853 774 emendavit,
881 727 1079 779 supplevit,
1104 728 1143 766 &
1165 742 1268 781 capp.
1286 727 1602 776 distinxit31ercius

490 778 611 818 denuo
646 780 818 819 recensuit
851 781 891 819 ὃ(
917 781 1124 830 Casauboni
1153 793 1260 820 notas
1296 793 1402 836 atque
1433 782 1605 824 emendd.

491 847 576 871 curn
601 833 670 872 suis
690 834 845 873 reddidit
877 834 995 882 1620,
1019 848 1100 888 quae
1124 834 1181 874 ed.
1205 835 1358 874 Londini
1373 835 1506 875 recusa.
1523 835 1606 874 Ho-

491 901 572 925 rum
605 890 878 927 triumvirorum
912 889 1010 927 bona
1043 890 1232 938 conjunxit
1270 889 1377 928 editio
1410 889 1603 928 Hackiana

498 943 567 992 167
578 957 608 980 1.
631 942 812 981 Mittimus
828 944 925 980 enim
947 942 1174 982 Boxhornios
1190 944 1229 982 ὃ(
1245 941 1494 990 Schrevelios‚
1510 957 1604 995 quo-

490 1009 571 1033 rum
594 996 649 1034 ille
680 996 793 1049 1632,
809 996 867 1035 hic
895 995 1009 1044 1661,
1026 997 1182 1048 opellam
1204 997 1301 1035 suam
1316 997 1542 1036 contulerunt
1566 999 1605 1036 in

492 1049 561 1087 hos
589 1049 795 1100 scriptores.
819 1050 1015 1088 Laudatior
1041 1065 1132 1089 vero
1152 1049 1201 1089 est
1227 1050 1306 1089 Ulr.
1330 1051 1491 1091 Obrechn'
1516 1064 1604 1091 cura

490 1104 527 1140 in
559 1103 600 1140 iis
631 1103 745 1154 polita
781 1105 904 1153 1677,
930 1105 970 1143 &
997 1104 1118 1144 Wlilh.
1140 1105 1332 1156 Asnjgrave
1361 1117 1475 1154 1714.
1508 1103 1602 1143 Tex-

489 1167 547 1195 tus
570 1156 770 1196 Hackianae
805 1157 862 1196 ed.
896 1159 1070 1209 repetitus
1101 1159 1250 1197 tandem
1277 1157 1328 1197 est
1357 1159 1394 1196 in
1429 1158 1485 1197 ed.
1514 1157 1604 1209 Lip-

488 1210 592 1249 siensi
623 1224 723 1262 1774
739 1241 751 1258 ,
781 1211 825 1250 de
848 1225 920 1264 qua
937 1243 946 1258 ,
967 1212 1116 1263 ejusque
1141 1212 1261 1250 Indice
1297 1212 1372 1251 sere
1393 1212 1429 1249 in
1450 1212 1602 1251 modum

490 1263 661 1302 Gloffarii
704 1264 812 1303 auc‘lo
834 1295 845 1310 ,
881 1266 968 1315 quid
1011 1265 1288 1303 existimandum
1340 1265 1380 1302 fit
1403 1294 1414 1312 ,
1451 1265 1536 1303 vide
1566 1267 1602 1303 in

490 1318 644 1358 comm.
674 1332 740 1358 rer.
769 1332 861 1357 nov.
888 1319 983 1371 Lips.
1015 1321 1218 1371 germanice
1251 1319 1386 1371 scriptis
1411 1332 1469 1357 an.
1502 1332 1606 1371 1774

489 1386 525 1410 11.
549 1371 688 1412 XXXI
704 1401 716 1419 a
747 1387 782 1426 p.
799 1375 874 1421 246
891 1396 913 1403 -
933 1373 1022 1422 248.

490 1434 663 1483 Parifiis‚
687 1449 722 1481 4.
747 1434 948 1487 Scriptores
972 1433 1128 1473 historiae
1144 1434 1318 1486 Augustae
1344 1435 1503 1473 minores
1521 1433 1604 1482 sex,

489 1501 638 1527 curante
660 1488 770 1528 Isaac.
785 1490 1013 1540 CassubonQ
1034 1489 1095 1540 qui
1116 1489 1154 1527 &
1171 1489 1307 1526 librum
1326 1489 1458 1536 adjecit
1473 1501 1603 1526 emen-

486 1540 675 1579 dationum
697 1542 737 1581 &
754 1553 939 1581 notarum.
961 1565 1005 1571 -—
1028 1542 1069 1584 ln
1090 1542 1155 1580 hac
1175 1542 1232 1581 ed.
1256 1554 1372 1580 textus
1395 1542 1502 1594 longe
1521 1555 1600 1579 cor-

491 1594 623 1633 reftior
643 1594 692 1634 est
713 1609 825 1648 quam
841 1596 875 1632 in
893 1595 1153 1648 superioribus,
1169 1596 1209 1635 δι
1232 1597 1514 1636 commentarius
1527 1594 1604 1635 Ca·

488 1648 639 1687 sauboni
665 1648 968 1701 praestantissimus
989 1649 1156 1691 habetur.

488 1710 523 1746 in
549 1708 701 1748 historice
721 1709 904 1750 Romana*
919 1710 1065 1760 Scriprt.
1090 1710 1168 1748 Lat.
1187 1709 1341 1748 Aureliae
1358 1708 1603 1762 Allobrogum

485 1777 549 1814 per
570 1761 664 1802 Petr.
686 1763 730 1802 de
756 1764 789 1801 la
814 1763 992 1804 Roviere.
1016 1764 1077 1802 fol.
1109 1779 1129 1801 2
1151 1764 1238 1802 voll.

490 1826 691 1871 Ηαηονὶιε,
712 1824 771 1863 fol.
794 1824 962 1864 Historiae
982 1823 1154 1877 Augustae
1177 1824 1373 1876 Scriptores
1396 1822 1513 1862 Latini
1537 1824 1603 1861 mi.

491 1892 597 1917 nores
616 1893 635 1916 a
658 1878 754 1926 ,Iulio
781 1878 854 1917 fere
880 1878 1023 1917 Caesare
1047 1878 1093 1915 ad
1117 1879 1292 1918 Carolum
1327 1877 1527 1930 Magnum:
1558 1876 1602 1916 L.

489 1931 591 1971 Ann.
612 1931 756 1978 Florus,
776 1932 941 1980 Vellejus
962 1932 1186 1979 paterculus,
1210 1932 1255 1971 C.
1273 1931 1464 1970 Suetonius
1482 1929 1603 1968 Tran-

516 1986 640 2032 unlus,
665 1987 734 2026 AEl.
755 1985 986 2037 Spartianus,
1004 1985 1118 2032 Julius
1141 1985 1386 2037 Capitolinus,
1409 1984 1603 2023 Vulcacius

488 1999 718 2086 {allicaan
750 2040 818 2080 IEl.
845 2038 1101 2089 Lampridius,
1122 2039 1324 2077 Trebellius
1349 2037 1486 2085 Pollio,
1513 2036 1599 2076 Fla-

488 2095 570 2132 vius
594 2093 794 2144 Vopiscus,
821 2092 1040 2132 Ammianus
1062 2092 1291 2131 Marcellinus
1304 2122 1314 2138 ‚
1333 2091 1483 2131 Messala
1503 2090 1603 2130 Cor-

490 2148 623 2194 vinus,
645 2147 758 2195 Julius
789 2146 1086 2198 Exsuperantius,
1109 2146 1279 2184 Aurelius
1313 2145 1463 2191 Victor,
1493 2143 1600 2183 Paul-

488 2201 544 2239 lus
565 2200 775 2247 Diaconus,
797 2200 1033 2250 Landulphus
1047 2199 1163 2252 Sagax
1177 2229 1186 2245 ‚
1210 2199 1410 2246 jornandes
1424 2228 1440 2246 ,
1460 2198 1601 2238 Paullus

488 2254 771 2302 Warnestfflus,
793 2255 919 2293 Sextus
941 2253 1068 2293 Rufus.
1095 2256 1235 2293 Priores
1251 2253 1398 2305 quidem
1412 2282 1423 2300 ‚
1445 2266 1490 2291 ex
1505 2252 1602 2302 opti,

489 2322 551 2348 ma
572 2309 740 2360 cuiusque
755 2309 928 2356 editione,
943 2309 1153 2358 comparari,
1171 2307 1447 2358 confirmarique
1463 2306 1508 2344 ad
1521 2304 1601 2344 Co-

491 2362 588 2402 dices
622 2362 728 2402 MSS.
761 2363 987 2401 bibliothecae
1026 2361 1189 2400 Palatinae
1207 2373 1218 2408 ·,
1257 2359 1466 2413 posteriores
1508 2372 1602 2397 vero

488 2417 586 2459 mille
609 2417 697 2460 locis
718 2416 897 2459 emendati
921 2416 962 2458 &
994 2415 1164 2471 suppleti,
1195 2428 1305 2470 opera
1329 2412 1413 2462 ,Iani
1434 2412 1596 2461 Grureri,
