1714 2807
297 153 391 214 '246
513 151 742 200 'AEL11
812 154 1386 205 LAMPRIDII

298 259 422 316 buit,
449 276 551 308 cum
589 261 638 309 &
671 261 797 309 ursos
826 262 1007 321 decem,
1040 265 1089 311 &
1122 264 1274 311 decem
1318 263 1497 327 grillos,
1531 265 1585 314 δι

299 332 454 380 decem
484 333 701 392 lactucas,
732 335 780 382 &
813 335 964 382 decem
997 336 1092 382 auri
1125 337 1258 385 libras
1288 337 1334 384 in
1359 338 1475 386 sorte
1507 339 1585 389 had

299 404 415 452 buit.
435 405 687 470 primusque
708 408 828 454 hunc
852 424 1023 455 morem
1055 409 1185 457 sortis
1212 410 1430 469 instituit,
1449 427 1586 474 quem

301 495 428 528 nunc
452 480 667 528 videmus.
691 482 775 528 Sed
803 498 907 529 vere
939 483 994 529 ad
1023 482 1183 530 sortem
1206 483 1407 532 scenicos
1441 500 1587 532 voca-

300 553 401 612 vit,
421 570 523 600 cum
549 556 598 602 &
621 571 752 601 canes
772 568 1009 613 mortuos,
1035 558 1082 603 δι
1103 555 1259 603 libram
1283 556 1462 604 bubulae
1488 573 1588 604 car-

302 626 374 672 nis
406 627 586 674 haberet
620 628 666 674 in
701 627 842 675 sorte:
872 630 920 676 &
951 629 1056 674 item
1092 642 1271 675 centum
1313 643 1502 687 aureos,
1537 631 1588 677 &

303 698 430 745 mille
449 713 710 762 argenteos,
731 702 778 747 ὃ(
811 712 988 747 centum
1025 699 1156 747 folles
1189 701 1286 747 aeris
1303 737 1315 759 ,
1338 703 1387 749 &
1412 702 1495 748 alia
1522 714 1589 748 ta·-

302 771 391 828 lia;
410 790 510 834 quae
530 774 725 835 populus
746 787 833 820 tam
857 774 1043 820 libenter
1058 774 1257 838 accepit,
1273 786 1323 821 ut
1341 791 1441 822 eum
1465 774 1589 838 post-

305 860 356 891 ea
386 845 602 907 imperare
623 845 964 909 gratularentur.

374 921 541 966 XX111.
567 922 720 965 Fertur
744 919 789 965 in
808 919 972 982 euripis
991 919 1103 967 vino
1124 918 1266 982 plenis
1288 919 1468 967 navales
1486 919 1589 966 Cir·

307 991 460 1038 censes
488 991 759 1049 exhibuisse,
797 992 929 1054 pallia
962 993 1015 1039 de
1047 993 1286 1040 oenanthio
1321 991 1502 1048 fudiffe,
1538 992 1590 1039 δε

306 1065 649 1123 elephantorum
685 1080 882 1127 quatuor
907 1066 1138 1130 quadrigas
1167 1067 1213 1113 in
1239 1066 1462 1113 Vaticano
1497 1063 1590 1128 agi-

306 1137 444 1193 tasse,
477 1137 632 1185 dirutis
668 1138 904 1201 sepulcris,
938 1156 1037 1202 qu‘ae
1069 1139 1366 1187 obsistebant:
1400 1136 1589 1199 junxiss‘e

307 1209 442 1256 etiam
470 1211 666 1258 camelos
696 1224 936 1274 quaternos
967 1212 1021 1258 ad
1048 1228 1202 1259 currus
1236 1211 1282 1258 in
1310 1211 1477 1268 Circo,
1499 1208 1592 1272 pri-

306 1293 421 1329 vato
459 1282 720 1343 speflaculo.
752 1284 986 1345 Serpentes
1015 1300 1093 1346 per
1117 1283 1317 1330 Marficae
1347 1281 1487 1346 gentis
1523 1281 1591 1328 sa-

306 1355 511 1402 cerdotes
545 1355 765 1419 collegiss‘e
803 1355 965 1412 fertur,
1003 1357 1167 1419 eosque
1201 1356 1346 1402 subito
1384 1371 1487 1401 ante
1519 1354 1591 1401 lu-

307 1443 435 1484 cem,
461 1441 511 1472 ut
538 1426 650 1473 solet
681 1428 874 1490 populus
902 1428 953 1474 ad
984 1428 1115 1474 ludos
1138 1428 1332 1476 celebres
1362 1426 1591 1475 conveni-

307 1513 385 1554 re,
425 1497 650 1556 effudisse,
687 1498 939 1561 multosque
977 1499 1162 1546 afflictos
1207 1498 1359 1546 morsu
1393 1499 1443 1546 &
1479 1497 1593 1561 fuga.

306 1572 425 1618 Usus
449 1572 510 1618 est
530 1589 659 1619 aurea
679 1572 805 1618 omni
825 1573 1001 1630 tunica,
1029 1573 1127 1619 usus
1148 1574 1197 1620 δι
1218 1584 1438 1635 purpurea
1453 1608 1466 1629 ,
1490 1572 1593 1619 usus

307 1643 360 1689 δε
385 1642 438 1688 dc
457 1641 640 1704 gemmis
661 1642 862 1700 perfica,
886 1660 986 1690 cum
1014 1643 1185 1708 gravari
1215 1644 1258 1690 se
1286 1644 1452 1691 diceret
1481 1659 1592 1690 one-

308 1731 359 1760 re
391 1715 653 1778 voluptatis.
680 1715 848 1762 Habuit
876 1720 923 1764 ὃ(
953 1716 998 1762 in
1035 1715 1338 1763 calciamentis
1370 1732 1592 1779 gemmas,

307 1791 363 1836 &
393 1789 574 1852 quidem
601 1789 817 1852 sculptas3
851 1790 976 1852 quod
1009 1789 1144 1836 risum
1177 1789 1386 1836 omnibus
1417 1789 1592 1836 movit:

305 1862 429 1925 quali
460 1862 634 1925 possent
666 1862 901 1926 sculpturae
939 1863 1159 1910 nobilium
1191 1861 1413 1911 artificum
1446 1862 1592 1909 videri

308 1934 358 1982 in
393 1935 610 1998 gemmis,
640 1952 741 2000 quae
774 1936 961 1998 pedibus
995 1935 1295 1982 adhaerebant.
1329 1933 1487 1980 Voluit
1525 1933 1592 1981 uti

308 2008 362 2054 &
401 2007 646 2055 diademate
680 2021 931 2071 gemmato,
965 2023 1060 2071 quo
1099 2006 1329 2069 pulchrior
1366 2006 1515 2064 fieret,
1540 2007 1592 2054 &

309 2080 450 2144 magis
475 2081 529 2127 ad
550 2080 814 2128 feminarum
838 2082 1012 2128 vultum
1039 2096 1189 2144 aptus:
1212 2097 1305 2144 quo
1337 2082 1387 2129 &
1408 2081 1507 2128 usus
1529 2080 1592 2128 est

309 2154 452 2202 domi.
495 2157 649 2201 Fertur
683 2157 732 2203 &
766 2154 1009 2218 promifiss‘e
1049 2155 1307 2217 phoenicem
1344 2153 1592 2212 convivis,

311 2227 396 2279 vel*
420 2244 503 2289 pro
536 2244 585 2275 ea
620 2228 752 2275 libras
788 2227 882 2275 auri
921 2228 1071 2285 mille,
1107 2242 1156 2275 ut
1195 2227 1242 2275 in
1272 2227 1487 2291 praetorio
1520 2244 1593 2276 eas

310 2301 568 2350 dimitteret.
608 2302 795 2349 Marinae
833 2318 957 2364 aquae
996 2302 1242 2365 colymbos
1275 2301 1510 2358 exhibuit,
1544 2301 1591 2348 in

313 2375 644 2423 mediterraneis
661 2374 775 2421 locis
792 2374 984 2421 maxime
998 2410 1011 2433 ‚
1027 2374 1204 2422 eosdem
1222 2375 1269 2421 δι
1289 2372 1467 2437 singulis
1484 2373 1592 2419 ami-

314 2448 380 2499 cis
405 2450 657 2501 natantibus
677 2449 868 2512 dimisit,
892 2451 942 2502 &
968 2450 1129 2501 iterum
1154 2449 1347 2516 piscibus
1371 2446 1592 2515 implevit.
