1637 2785
202 141 524 192 Divus
598 147 1152 202 CLAUDIUS.
1258 172 1339 217 143

131 252 228 297 VII.
251 251 400 298 Exstat
433 253 567 315 ipfius
586 255 770 316 epistola
789 295 804 314 ‚
832 259 951 307 missa
966 262 1019 307 ad
1042 264 1246 312 Senatum
1279 270 1344 315 le-

65 326 207 388 genda
235 327 290 372 ad
311 327 556 388 populum,
579 346 663 391 qua
694 332 858 378 indicat
882 336 935 381 de
965 354 1153 384 numero
1185 342 1342 389 barba-

63 412 250 453 rorum,
282 414 383 459 quae
418 399 517 444 talis
551 401 638 447 est:
677 407 853 450 Senatui
882 414 1115 471 populoque
1150 416 1346 464 Romano

65 471 279 516 Claudius
311 472 523 532 Princeps·
554 472 692 536 (hanc
725 492 870 524 autem
907 480 997 540 ipse
1036 485 1211 533 distaffe
1242 506 1344 549 per-

63 540 261 588 hibetur:
283 558 367 604 ego
388 545 524 590 verba
551 546 746 609 magistri
766 552 998 599 memoriae
1019 572 1113 601 non
1137 561 1344 626 requiro)

63 616 214 660 Patres
249 619 493 678 conscripti,
532 624 758 669 militantes
789 629 953 681 audite,
983 633 1095 688 quod
1118 650 1254 679 rerum
1284 640 1347 687 esi.

67 689 261 733 Trecenta
283 692 437 751 viginti
466 695 603 738 millia
637 697 896 743 barbarorum
930 701 976 745 in
1003 705 1241 751 Romanum
1262 689 1346 769 sb-

63 767 150 807 t'um
182 768 334 809 armati
371 766 594 812 venerunt:
625 771 706 815 lzaec
727 771 774 833 si
800 774 958 830 vicero,
992 795 1066 822 vos
1093 783 1220 826 vicem
1255 789 1346 830 red·

63 838 147 880 dite
169 838 323 881 meritis
337 855 352 882 .·
365 837 415 902 si
433 856 519 883 nort
536 841 666 887 vicero
681 877 696 899 ,
708 844 882 903 scitote,
904 864 965 891 me
987 850 1084 913 post
1104 852 1346 902 Gallienum

63 912 161 954 velle
186 927 387 971 pugnare.
421 913 623 973 Fatigata
656 916 710 980 est
735 932 824 962 tota
857 919 1096 978 rcsoublica.
1125 926 1348 987 Pugnabi-

61 1001 154 1028 mus
175 987 269 1050 post
301 989 597 1043 Valerianum,
620 992 711 1054 post
735 995 993 1053 Ingenuum,
1016 999 1112 1063 post
1138 1002 1348 1063 Regillia-

59 1071 187 1110 num,
212 1055 305 1119 post
329 1057 569 1102 Lollianum
587 1093 599 1115 ‚
614 1062 709 1126 post
734 1064 994 1126 Postumium
1010 1101 1024 1123 ,
1040 1072 1138 1133 post
1164 1077 1348 1135 Celsum,

54 1127 149 1190 post
168 1130 281 1171 mille
301 1130 433 1184 alios,
459 1133 529 1189 qui
554 1149 758 1179 contemtu
785 1137 973 1183 Gallieni
999 1141 1216 1203 Principis
1240 1166 1266 1192 a
1289 1168 1349 1194 re-

54 1200 224 1258 publica
249 1199 487 1258 defecerunt.
517 1204 620 1248 Non
640 1205 789 1263 scuta,
816 1226 901 1254 non
919 1211 1112 1270 spathae,
1142 1235 1228 1262 non
1251 1224 1347 1279 pila

49 1273 147 1327 J'arn
162 1272 396 1331 superstitit.
428 1273 600 1320 Gallias
629 1273 672 1321 δ’
702 1278 950 1339 Hispanias
968 1314 982 1337 ‚
1005 1288 1118 1331 vires
1151 1292 1346 1351 reipubli-

57 1365 141 1403 cae,
179 1349 362 1392 Tetricus
392 1362 520 1406 tenet,
555 1346 598 1395 6*
629 1369 770 1397 omnes
788 1355 1061 1416 sagittarios,
1089 1368 1199 1422 quod
1218 1369 1347 1425 pudet

56 1422 218 1476 dicere,
253 1423 437 1468 Zenobia
474 1423 660 1486 pqffidet.
707 1426 932 1489 Quidquid
965 1432 1207 1495 fecerimus,
1227 1442 1342 1498 satis

54 1497 209 1556 grande
235 1496 296 1560 est.
324 1496 421 1542 Hos
452 1496 590 1560 igitur
617 1500 832 1548 Claudius
869 1504 1066 1566 ingenita
1098 1509 1174 1557 illa
1203 1513 1345 1562 virtu-

53 1579 101 1612 te
128 1565 379 1628 superavit,
399 1569 484 1614 hos
501 1570 630 1617 brevi
655 1584 859 1635 tempore
875 1577 1077 1636 attrivi13
1097 1582 1150 1629 de
1172 1584 1238 1632 his
1263 1589 1343 1635 vix

55 1638 232 1700 aliquos
258 1639 312 1685 ad
349 1640 542 1700 patrium
579 1642 725 1690 solum
754 1647 899 1694 redire
936 1654 1145 1711 permisit.
1170 1657 1305 1721 Rogo
1327 1696 1341 1718 ,

56 1723 270 1772 quantum
308 1712 498 1772 pretium
538 1714 599 1760 est
637 1717 828 1780 clypeus
862 1721 906 1767 in
940 1725 1064 1771 curia
1097 1738 1231 1774 tantae
1265 1731 1336 1777 vi-

55 1782 241 1851 {Io-riae?
261 1798 475 1845 quantum
498 1803 583 1833 una
608 1805 738 1835 aurea
760 1791 928 1839 statua?
949 1795 1076 1844 Dicit
1096 1801 1266 1848 Ennius
1285 1805 1339 1851 de
1385 1838 1387 1840 -

56 1855 299 1918 Scipione:
340 1860 560 1919 Quantam
581 1863 769 1926 statuam
795 1867 930 1924 faciet
961 1876 1140 1931 populus
1172 1877 1338 1923 Roma-

55 1945 387 1989 nusyquantatn
412 1937 676 1992 columnam,
710 1956 795 1997 quae
825 1957 886 1984 res
912 1957 1007 1986 tuas
1035 1946 1166 2009 gestas
1189 1950 1337 2008 loqua-

55 2004 157 2048 tur?
175 2002 406 2051 Possumus
428 2006 600 2066 dicere,
627 2009 830 2057 Flavium
859 2011 1100 2062 Claudium
1117 2052 1132 2075 ‚
1152 2020 1336 2066 unicum

55 2073 101 2119 in
134 2075 262 2121 terris
291 2077 571 2140 Principem,
605 2099 698 2129 non
739 2085 991 2145 columnis,
1025 2104 1122 2136 non
1157 2090 1336 2153 statuis,

55 2146 129 2192 sed
155 2146 281 2193 famae
308 2149 477 2196 viribus
502 2151 721 2214 adjuvari.

142 2220 258 2266 VIII.
285 2221 549 2270 Habuerunt
580 2240 792 2287 praeterea
820 2229 915 2276 duo
952 2231 1088 2277 millia
1120 2235 1333 2294 navium,

54 2290 276 2352 duplicem
303 2293 470 2341 scilicet
495 2313 760 2359 numerum,
782 2319 917 2365 quam
945 2304 1067 2351 illum
1085 2342 1099 2362 ,
1133 2325 1227 2368 quo
1258 2324 1328 2356 to-

54 2373 96 2407 ta
133 2363 295 2423 pariter
328 2366 506 2413 Graecia
534 2369 770 2433 omnisque
803 2374 1024 2421 Thessalia
1058 2378 1188 2425 urbes
1221 2382 1333 2428 Afiae

52 2435 283 2495 quondam
312 2452 570 2501 expugnare
592 2455 755 2488 conata
777 2443 850 2491 est.
879 2445 964 2491 Sed
994 2446 1102 2494 illud
1127 2453 1333 2512 poeticus

497 2640 513 2664 Ι
