1714 2807
306 151 403 201 '280
512 151 1383 202 AELIILAMPRIDII

307 256 514 317 epistolas
530 292 542 312 ,
564 273 721 304 omnes
749 258 919 306 amicos
944 259 1066 307 simul
1088 260 1258 308 admisit
1275 298 1288 316 ‚
1307 278 1409 308 cum
1431 261 1586 308 omnia

306 329 390 376 bus
411 329 572 390 pariter
590 330 651 377 est
670 331 1026 394 locutusmeque
1046 350 1241 397 unquam
1264 333 1407 380 solum
1431 351 1587 397 quem·

307 418 442 463 quam
461 437 474 459 ‚
499 402 578 449 nisi
610 403 865 451 Praefeflum
899 405 1050 464 suum,
1073 406 1212 463 vidit,
1231 409 1280 453 δι
1303 406 1480 469 quidem
1501 407 1588 454 Ul-

308 473 494 536 pianum
509 510 523 534 ,
538 492 590 521 ex
614 475 814 523 assessore
834 477 1001 539 semper
1025 479 1105 525 suo
1121 514 1134 535 ‚
1154 479 1276 526 causa
1301 478 1475 538 justitiae
1497 480 1587 526 fin-

309 546 484 608 gularis.
511 548 628 594 Cum
652 562 796 595 autem
816 551 999 596 alterum
1021 550 1244 607 adhibuit,
1265 553 1313 598 &
1341 550 1587 612 Ulpianum

309 620 458 682 rogari
492 619 620 682 juffit.
665 623 898 684 Virgilium
937 636 1084 670 autem
1124 628 1343 670 Platonem
1372 615 1588 685 poetarun'z

310 692 537 750 vocabat,
566 692 747 756 ejusque
779 695 1016 757 imaginem
1058 712 1159 742 cum
1190 695 1425 741 Ciceronis
1453 695 1589 741 simu-

309 761 464 820 lacro,
481 763 526 808 in
552 765 748 811 secundo
770 766 933 812 larario
961 767 1135 823 babuit,
1158 767 1234 812 ubi
1256 768 1303 813 &
1328 762 1515 812 Achiuis
1539 767 1590 814 δε

310 849 581 897 magnorum
601 836 822 883 virorum.
839 838 1140 884 Alexandrum
1160 854 1271 884 vero
1292 839 1507 901 Magnum
1522 837 1592 882 in'-

312 916 382 952 ter
401 907 551 953 Divos
570 910 619 956 δέ
640 910 839 972 optimos
859 910 904 956 in
923 911 1084 956 larario
1105 910 1271 970 majore
1293 910 1592 958 consecravit.

379 982 575 1028 XXXII.
610 983 819 1043 Iniuriam
855 984 967 1031 nulli
1001 1001 1198 1046 unquam
1231 985 1481 1032 amicorum
1507 1000 1591 1031 co-

308 1054 532 1105 mitumve
564 1056 689 1113 fecit,
721 1075 804 1104 nec
839 1057 1055 1120 magistris
1084 1059 1289 1121 quidem,
1320 1072 1395 1104 aut
1424 1057 1593 1120 princi-

314 1127 444 1190 pibus
473 1128 749 1177 officiorum.
781 1129 998 1176 Praefeffis
1028 1143 1172 1175 aurem
1210 1130 1380 1191 semper
1409 1127 1594 1186 detulit,

313 1200 504 1248 asserens
518 1239 530 1260 ‚
543 1223 630 1250 eum
646 1239 658 1258 ‚
677 1208 748 1265 qui
774 1222 972 1251 mereatur
989 1205 1194 1259 injuriam
1207 1209 1325 1265 pati,
1346 1208 1399 1250 ab
1410 1208 1595 1265 Impera-

315 1290 399 1321 tore
429 1279 716 1322 damnandum
747 1277 842 1340 effa,
879 1297 965 1323 non
997 1280 1293 1325 dimittendum.
1320 1279 1363 1323 Si
1399 1293 1593 1338 unquam

315 1350 449 1396 alicui
483 1353 764 1412 praesentium
794 1353 1080 1399 successorem
1107 1353 1227 1400 dedit
1248 1388 1261 1410 ‚
1287 1355 1455 1415 semper
1486 1351 1596 1398 illud

315 1423 509 1481 addidit,
546 1423 834 1471 Gratias'tilvi
867 1429 959 1486 agit
992 1427 1243 1486 restmbliffl:
1274 1441 1468 1488 eumque
1495 1441 1595 1471 mu-

315 1511 492 1543 neratus
517 1498 601 1553 est,
627 1498 685 1544 ita
707 1510 756 1544 ut
776 1499 974 1560 privatus
993 1515 1080 1559 pro
1106 1498 1214 1545 loco
1241 1499 1320 1545 suo
1341 1498 1482 1561 posset
1510 1499 1598 1545 ho-

316 1568 438 1615 neste
478 1569 657 1615 vivere:
694 1569 760 1616 his
799 1568 981 1630 quidem
1026 1570 1305 1628 muneribus,
1340 1570 1480 1631 agris,
1510 1570 1599 1616 bo-

317 1642 428 1699 bus,
449 1643 574 1706 equis
591 1679 604 1700 ,
631 1643 861 1690 frumento
877 1679 891 1700 ‚
920 1643 1068 1700 ferr0,
1094 1643 1332 1706 impendiis
1356 1643 1411 1689 ad
1431 1641 1599 1690 facien-

318 1715 418 1760 dam
444 1716 627 1761 domum
642 1717 966 1773 ,marmoribus
984 1716 1036 1761 ad
1061 1716 1336 1771 ornandum,
1356 1717 1404 1763 &
1425 1716 1600 1777 operis,

318 1803 428 1849 quas
457 1788 568 1834 ratio
594 1788 772 1836 fabricae
802 1789 1066 1852 requirebat.
1089 1792 1259 1834 Aurum
1291 1789 1337 1834 &
1368 1799 1598 1850 argentum

318 1876 426 1906 raro
451 1861 657 1921 cuiquam
675 1897 688 1919 ‚
716 1861 794 1907 nisi
820 1862 949 1908 militi
977 1862 1147 1917 divisit,
1169 1861 1292 1920 nefizs
1321 1859 1394 1924 effe
1422 1860 1599 1918 dicens,

320 1948 367 1978 ut
392 1934 649 1994 dq'sherzfiztor
666 1938 855 1996 publicus
878 1938 923 1981 in
946 1937 1222 1981 delcc7asi0nes
1234 1935 1343 1993 filas
1369 1931 1411 1978 ἃ
1422 1933 1600 1993 sitorum

319 2023 557 2053 converteret
579 2009 625 2052 id
637 2043 645 2060 2
666 2011 778 2068 quod
795 2011 1074 2068 provinciales
1101 2004 1303 2070 dcdzffefzt.
1326 2010 1499 2051 Aurum
1520 2021 1602 2052 ne-

319 2080 614 2143 goriatorium
635 2082 682 2127 &
704 2080 990 2126 coronarium
1013 2081 1171 2126 Romae
1190 2079 1367 2126 remisit.

386 2154 605 2200 XXXm.
631 2153 747 2199 Fecit
772 2154 929 2199 Roma:
960 2170 1187 2201 curatores
1215 2153 1348 2201 Urbis
1384 2164 1601 2215 quatuor·

321 2227 501 2283 decim,
531 2226 600 2272 sed
632 2244 685 2271 ex
725 2226 1057 2273 consularibus:
1089 2243 1202 2289 quos
1238 2225 1388 2272 audire
1424 2225 1601 2288 negotia

321 2301 487 2347 urbana
520 2316 621 2347 cum
658 2299 871 2345 Praefe&o
901 2300 1038 2347 Urbis
1067 2299 1207 2359 jussit,
1243 2300 1302 2346 ita
1342 2312 1391 2345 ut
1415 2314 1602 2355 omnes,

321 2385 395 2419 aut
422 2384 577 2435 magna
608 2389 708 2434 pars
740 2372 924 2428 adesset,
956 2389 1056 2419 cum
1086 2374 1177 2418 acia
1204 2371 1374 2418 fierent.
1413 2372 1601 2430 Corpo-

319 2461 366 2491 ra
392 2447 598 2493 omnium
626 2444 885 2505 constituit,
910 2444 1215 2499 vinariorum,
1244 2442 1601 2507 lupinariorum,
