1637 2785
276 139 533 191 Divus
581 137 1139 189 AURELIANUS.
1278 154 1369 207 179

74 265 261 308 manus,
284 250 371 310 iam
392 251 559 297 vexilla
590 245 891 314 collegiorum
924 264 1056 314 atque
1091 251 1371 310 castrorum,

75 328 128 373 &
159 324 494 386 cataphraElarii
524 324 714 378 milites,
744 326 791 371 δι
816 341 927 385 opes
954 325 1088 388 regiae
1106 363 1117 379 ‚
1144 329 1191 374 ὃ(
1220 328 1373 377 omnis

75 399 318 452 exercitus,
341 401 386 444 δι
407 398 592 443 Senatus
611 396 713 458 (etfi
734 397 1015 457 aliquantulo
1040 398 1222 455 tristior,
1247 401 1375 464 quod

76 473 317 519 Senatores
347 471 613 532 triumphari
638 470 846 534 videbat)
874 472 1064 519 multum
1093 490 1272 536 pompae
1297 476 1375 523 ad-

79 545 299 592 diderant.
329 544 545 607 Denique
579 545 655 590 vix
695 561 815 590 nona
857 544 968 590 hora
1007 545 1050 591 in
1093 547 1377 608 Capitolium

78 622 318 684 pervenit,
341 619 437 666 sero
461 632 608 666 autem
633 620 685 666 ad
705 620 936 667 Palatium.
959 622 1260 679 §equentibus
1281 621 1380 671 die-

80 692 164 740 bus
191 693 303 740 datae
332 693 431 739 sunt
454 694 629 756 populo
659 694 912 757 voluptates
939 693 1147 742 ludorum
1179 697 1382 746 scenico-

80 781 208 821 rum,
235 765 445 812 ludorum
472 766 781 826 Circensium,
806 767 1130 828 venationum,
1158 769 1381 834 gladiato-

81 854 206 896 rum,
234 840 531 888 naumachiae.

167 915 374 961 XXXV.
412 915 518 961 Non
554 912 986 978 praetermittendum
1019 913 1228 973 videtur,
1256 916 1383 980 quod

82 988 135 1035 &
166 988 386 1033 memoria
420 1000 542 1034 tenet
575 988 784 1049 publica,
816 990 861 1034 &
900 984 1010 1033 fides
1044 987 1255 1036 historica
1289 989 1383 1037 fre-

85 1059 354 1123 quentavit,
377 1059 667 1105 Aurelianum
697 1076 755 1105 eo
785 1072 1019 1120 tempore,
1047 1076 1141 1122 quo
1173 1061 1384 1123 proficis-

85 1134 273 1182 cebatur
297 1136 352 1180 ad
379 1134 542 1180 bellum
569 1134 816 1188 orientale,
847 1133 1031 1180 bilibres
1063 1151 1260 1183 coronas
1293 1154 1382 1200 po-

84 1208 201 1272 pulo
233 1206 506 1269 promisisse,
536 1206 565 1253 fi
598 1207 744 1254 viclor
776 1206 965 1263 rediret;
1002 1208 1052 1255 ὅ(
1085 1225 1190 1256 cum
1230 1228 1388 1261 aureas

85 1282 285 1345 populus
311 1282 526 1344 speraret,
553 1297 698 1343 neque
720 1281 988 1328 Aurelianus
1016 1296 1091 1329 aut
1113 1284 1282 1345 posset,
1310 1299 1388 1335 aut

86 1354 256 1410 vellet;
289 1370 487 1402 coronas
515 1369 617 1400 eum
652 1354 800 1400 feciffe
829 1354 882 1401 de
910 1354 1127 1418 panibus,
1158 1357 1235 1420 qui
1262 1376 1387 1410 nune

85 1425 275 1490 siliginei
315 1441 566 1484 vocantur,
595 1428 642 1474 &
678 1425 854 1489 fingulis
888 1425 1142 1491 quibusque
1169 1431 1387 1493 donasse,

87 1499 150 1547 ita
181 1513 231 1547 ut
261 1500 509 1566 siligineum
539 1500 664 1547 suum
697 1502 903 1563 quotidie
932 1515 1035 1549 toto
1067 1521 1173 1552 aevo
1195 1506 1304 1567 su0,
1335 1509 1387 1557 δι

87 1574 392 1638 unusquisque
424 1575 673 1636 reciperet,
705 1576 754 1623 &
784 1575 970 1637 posteris
1011 1577 1096 1624 suis
1128 1579 1388 1633 dimitteret.

89 1648 207 1695 Nam
233 1649 350 1695 idem
382 1647 651 1695 Aurelianus
683 1650 730 1695 &
760 1649 995 1710 porcinam
1029 1667 1210 1700 carnem
1238 1671 1387 1718 popu-

89 1722 140 1769 lo
166 1724 382 1768 Romano
410 1721 659 1779 distribuit,
678 1739 779 1785 quae
803 1723 1032 1786 hodieque
1060 1723 1298 1775 dividitur:
1322 1728 1388 1776 le·-

90 1812 167 1860 ges
194 1794 408 1858 plurimas
439 1794 583 1841 sanxit
600 1831 610 1850 ‚
635 1796 685 1842 &
714 1795 895 1859 quidem
919 1795 1153 1846 salutares:
1183 1799 1389 1848 sacerdo-

90 1870 152 1916 tia
181 1868 473 1931 composuit,
502 1869 718 1930 templum
750 1868 868 1915 Solis
904 1868 1141 1929 fundavit,
1180 1874 1228 1920 δέ
1259 1874 1386 1921 Pon-

90 1940 236 1990 tifices
267 1940 522 1987 roboravit.
559 1941 781 1988 Decrevit
811 1942 946 1991 etiam
976 1944 1281 1993 emolumenta
1313 1963 1389 1994 ar-

91 2015 296 2065 chiteffis
326 2016 377 2063 δι
405 2014 628 2062 ministris.
663 2015 743 2062 His
768 2016 923 2080 gestis,
948 2017 1002 2064 ad
1027 2018 1200 2065 Gallias
1230 2019 1389 2081 profe-

91 2091 214 2144 ‹Stus,
233 2087 499 2136 Vindelicos
527 2089 766 2137 obsidione
794 2090 1024 2140 barbarica
1049 2093 1282 2141 liberavit:
1310 2094 1391 2142 de-

94 2162 201 2210 inde
226 2160 280 2209 ad
301 2162 536 2227 Illyricum
563 2163 719 2225 rediit,
745 2178 993 2229 paratoque
1019 2183 1184 2229 magno
1208 2168 1389 2230 potius,

92 2252 230 2299 quam
269 2234 439 2298 ingenti
476 2235 708 2296 exercitu,
746 2237 882 2286 Persis
906 2274 921 2298 ,
960 2255 1074 2302 quos
1111 2255 1167 2285 eo
1204 2255 1390 2303 quoque

94 2319 332 2371 tempore,
369 2325 462 2371 quo
495 2308 744 2358 Zenobiam
786 2311 1046 2374 superavit,
1080 2312 1390 2375 gloriofiffime

96 2380 186 2443 jam
213 2381 412 2439 vicerat,
441 2382 606 2430 bellum
635 2384 813 2432 indixit.
844 2385 928 2431 Sed
954 2402 1054 2433 cum
1085 2386 1169 2432 iter
1196 2385 1390 2448 faceret,

97 2455 217 2519 apud
251 2455 668 2521 Caenophrurium,
699 2457 979 2508 mansionem
991 2495 1006 2519 ,
1040 2475 1140 2520 quae
1174 2459 1235 2507 est
1273 2459 1390 2509 inter

1015 2533 1068 2579 M
1103 2549 1132 2582 2
