1714 2807
345 135 437 197 v136
558 133 785 179 AELII
853 127 1441 182 SPART'tANt

338 238 572 301 ,ἀεί’ρεξὶει,
598 237 874 284 luxuriosum
901 240 1063 299 parasse
1092 239 1361 289 convivium
1378 243 1563 298 ,ostreis
1585 245 1636 294 &

345 314 540 358 altilibus
568 312 617 358 &
648 311 841 374 piscibus
868 313 1146 360 adornatum.
1178 316 1304 378 quod
1333 314 1487 363 falsum
1509 317 1634 366 fuiss'e

343 386 528 432 constat.
559 401 658 430 nam
688 385 884 432 Julianus
902 397 1037 432 tantae
1066 387 1347 448 parfimoniae
1377 388 1502 436 fuiffe
1531 407 1633 452 per·

345 457 555 513 hibetur,
582 471 632 503 ut
661 473 742 518 per
769 457 965 502 triduum
1005 459 1280 518 porcellum,
1319 476 1396 521 per
1432 461 1631 508 triduum

345 530 549 590 leporem
586 529 833 585 divideret,
859 530 889 575 si
922 531 1020 591 quis
1049 532 1089 577 ei
1127 531 1245 577 forte
1283 533 1457 580 mififfet
1480 551 1492 580 ε
1519 534 1633 595 saepe

344 615 493 650 autem
509 638 520 656 ,
541 602 663 647 nulla
683 602 913 648 exsistente
949 602 1167 665 religione
1186 639 1198 659 ,
1229 603 1424 651 oleribus
1448 606 1634 668 legumi-

349 676 568 738 nibusque
594 687 856 731 contentus,
883 675 972 721 sine
1001 692 1132 724 carne
1161 678 1428 724 coenaverit.
1453 679 1632 725 Deinde

347 767 497 812 neque
522 749 754 805 coenavit,
774 749 1023 811 priusquam
1047 751 1240 812 sepultus
1267 752 1369 798 esset
1388 754 1596 800 Pertinax
1616 789 1630 810 ‚

346 828 396 873 &
419 826 679 872 tristissimus
704 825 854 872 cibum
888 826 949 871 o'o
970 824 1063 883 ejus
1094 843 1246 872 necem
1278 827 1452 884 sumsit,
1472 830 1518 875 δι
1543 829 1630 890 pri-

343 898 462 945 mam
492 899 667 944 noctem
709 898 874 962 vigiliis
903 890 1217 958 continuavit,
1247 899 1300 947 de
1329 914 1450 948 tanta
1484 888 1629 948 neces-

344 971 469 1017 fitate
502 970 734 1017 sollicitus.

411 1045 486 1088 lV.
516 1042 606 1089 Ubi
634 1059 746 1090 vero
768 1042 964 1105 primum
992 1043 1165 1098 illuxit,
1187 1046 1392 1091 Senatum
1419 1047 1468 1092 &
1495 1061 1629 1106 eque-

344 1116 475 1164 strem
509 1118 712 1174 ordinem
745 1118 789 1163 in
810 1119 1025 1165 Palatium
1049 1118 1307 1165 venientem
1342 1119 1538 1176 admisit,
1560 1130 1629 1164 at-

343 1207 430 1249 que
461 1207 850 1253 unumquemque,
873 1204 920 1236 ut
952 1205 1044 1237 erat
1075 1206 1205 1246 aetas,
1239 1194 1312 1238 vel
1345 1210 1531 1255 patrem,
1555 1192 1628 1238 vel

334 1266 502 1326 filium,
534 1264 604 1308 vel
626 1281 837 1326 parentem
864 1263 1019 1310 affatus
1042 1265 1317 1312 blandiffime
1338 1267 1410 1313 est.
1435 1267 1519 1312 Sed
1538 1283 1626 1328 po·

346 1337 480 1399 pulus
500 1336 543 1382 in
568 1337 738 1382 Rostris
762 1350 893 1399 atque
921 1351 1022 1383 ante
1045 1339 1234 1396 curiam,
1255 1339 1508 1401 ingentibus
1525 1356 1627 1386 eum

344 1408 569 1456 conviciis
603 1409 863 1468 lacessebat,
892 1410 1092 1471 sperans,
1123 1411 1289 1472 deponi
1322 1412 1376 1458 ab
1414 1427 1470 1458 eo
1504 1411 1627 1473 poffe

342 1482 577 1542 imperium
601 1518 613 1538 ‚
652 1483 773 1543 quod
812 1482 970 1528 milites
1013 1484 1237 1530 dederant.
1282 1476 1624 1546 Lapidatitfnem

339 1570 524 1617 quoque
560 1553 738 1600 fecere:
769 1554 1052 1601 descendenti
1081 1573 1181 1602 cum
1222 1555 1436 1602 militibus
1464 1558 1511 1603 &
1544 1557 1624 1602 Se-

338 1639 449 1672 natu
481 1626 525 1671 in
553 1625 720 1672 curiam
751 1627 866 1673 diras
892 1627 1122 1690 imprecati
1156 1627 1279 1673 sunt:
1305 1645 1396 1674 rem
1422 1628 1624 1673 divinam

340 1696 554 1755 facienti,
582 1714 634 1742 ne
656 1698 829 1756 litaret,
856 1711 1081 1761 optarunt.
1101 1700 1287 1761 Lapides
1306 1699 1436 1746 etiam
1459 1699 1502 1744 in
1524 1715 1627 1745 eum

335 1767 572 1828 jecerunt,
603 1785 707 1816 cum
742 1771 936 1817 Julianus
975 1788 1107 1817 manu
1138 1788 1215 1818 cos
1250 1773 1418 1831 semper
1449 1772 1622 1832 placare

335 1852 534 1902 cuperet.
559 1841 773 1903 Ingreffus
808 1855 950 1887 autem
986 1842 1153 1888 curiam
1174 1878 1188 1899 ‚
1223 1843 1395 1904 placide
1424 1844 1473 1889 &
1514 1859 1624 1902 pru-

336 1913 494 1959 denter
514 1914 648 1959 verba
670 1914 789 1960 fecit.
811 1915 908 1977 Egit
924 1915 1082 1977 gratias
1098 1951 1111 1972 ‚
1141 1917 1267 1978 quod
1287 1914 1390 1960 esset
1408 1915 1622 1973 adscitus,

333 1983 458 2046 quod
481 1986 526 2032 &
549 1984 662 2047 ipse,
682 1988 730 2034 ὅ(
751 2003 892 2043 uxor,
914 1989 962 2034 δέ
982 1987 1070 2032 filia
1093 1987 1187 2048 ejus
1208 1987 1508 2049 Augustorum
1537 2003 1623 2033 no·

332 2073 445 2103 men·
467 2073 748 2119 acceperunt.
778 2060 918 2106 Patris
951 2060 1102 2124 patriae
1133 2076 1317 2122 quoque
1343 2076 1508 2106 nomen
1548 2076 1621 2106 re-

334 2128 486 2191 cepit:
516 2146 767 2194 argenteam
797 2132 978 2178 statuam
1013 2134 1189 2192 respuit.
1219 2133 1254 2177 E
1281 2136 1442 2179 Senatu
1467 2134 1510 2178 in
1536 2133 1624 2179 Ca-

335 2201 545 2263 pitolium
583 2203 780 2266 pergenti
817 2205 1012 2269 populus
1043 2206 1245 2251 obstitit:
1282 2205 1350 2250 sed
1393 2205 1540 2261 ferr0,
1569 2206 1621 2252 &

331 2276 596 2323 vulneribus
610 2312 622 2334 ‚
641 2279 690 2324 &
710 2277 1114 2343 pollicitationibus
1136 2296 1398 2335 aureorum,
1413 2294 1530 2341 quos
1551 2279 1620 2324 di-

333 2349 435 2411 gitis
473 2349 732 2396 ostendebat
765 2350 855 2412 ipse
895 2350 1129 2407 Julianus,
1165 2364 1212 2396 ut
1245 2349 1372 2396 fidem
1412 2350 1619 2407 faceret,

330 2421 564 2472 submotus
613 2436 746 2488 atque
789 2422 993 2488 depulsus
1035 2424 1109 2475 est.
1156 2425 1264 2474 inde
1302 2425 1359 2472 ad
1401 2421 1613 2475 Circense
