1714 2807
269 132 344 166 ΧΠ
508 120 669 166 HIST.
704 120 863 166 AUG.
897 121 1316 169 SCRIPTORUM

257 226 397 283 solum
426 225 652 270 XXVIII
670 240 784 270 erunt
798 261 810 280 ,
839 228 909 287 qui
929 228 978 270 V
971 229 1147 272 aleriam·
1173 224 1215 272 ὅ·
1232 228 1421 274 Gallieni
1438 240 1542 276 tem-1

262 299 428 357 poribus
447 297 625 355 suerint.
665 300 925 359 Quantopere
953 317 1072 356 vero,
1103 316 1150 346 ut
1176 302 1360 359 ajebam,
1388 320 1540 364 tyran-

265 387 412 415 norurn
433 388 621 416 numerus
645 372 859 430 excrescere
872 388 1033 432 poterat
1048 372 1114 435 ‚fi
1135 377 1263 420 alieni
1285 378 1407 421 etiam
1435 393 1539 422 tem-

260 444 378 501 poris
403 458 609 501 tyrannos
640 445 783 488 addere
809 444 985 489 licebat!
1012 447 1100 490 Nec
1111 448 1254 506 solum
1285 450 1331 492 de
1363 450 1553 510 triginta·

263 519 458 575 tyrannis
471 550 485 574 ,
495 515 573 573 fid
584 519 705 561 etiam
727 519 773 561 de
798 520 966 563 Claudii
984 521 1097 575 vita,
1119 522 1303 566 iteratam
1325 524 1436 567 dedit
1454 524 1539 568 edi·

265 588 431 633 tionem.
466 591 537 633 Ea
559 592 749 649 pleraque
775 592 822 634 de
862 593 1039 636 Claudio
1067 596 1249 637 recoxit:
1283 591 1325 638 δ’
1355 598 1450 654 quia
1475 614 1560 643 rer

256 664 606 722 prehendebztur,
634 663 753 726 quast
790 667 835 708 in
868 668 1048 725 gratiam
1080 667 1308 730 Constantii
1341 668 1540 727 Caesaris,

263 734 450 778 virtutem
472 735 659 787 Claudii,
679 754 703 779 a
723 734 839 789 cujus
847 735 982 793 fratre
1005 739 1296 802 Constantinus
1314 756 1440 799 genus
1456 741 1538 784 du-

263 807 398 862 cebat,
416 808 542 852 nimis
569 804 770 870 extuliffit
786 826 805 862 ;
829 808 1006 866 fiibinde
1030 809 1257 872 istiusmodi
1283 810 1538 856 obtreHatio-

262 878 384 923 nibus
404 882 584 925 occurrit.
604 883 684 937 Ut,
703 897 793 925 cum
812 884 874 926 ait
888 899 904 926 :
919 880 1056 926 Dicat
1079 880 1303 942 nunc‚qui
1325 896 1408 927 nos
1426 881 1539 927 adu-

260 948 442 997 lationis
480 954 680 1011 accusat,
717 953 957 1000 Claudium
987 954 1134 1000 minus
1170 953 1253 1001 effe
1289 955 1539 1002 amabilem.

259 1024 388 1068 Item.-
416 1025 530 1070 Vera
553 1023 641 1071 dici
665 1022 775 1070 fides
806 1025 955 1087 cogit:
975 1024 1101 1071 fimul
1130 1037 1177 1071 ut
1208 1024 1345 1073 sciant
1368 1025 1438 1082 hi,
1461 1025 1539 1088 qui
1568 1034 1569 1037 ’

260 1094 514 1142 adulatores
541 1111 628 1142 nos
649 1094 887 1142 existimari
916 1095 1129 1157 cupiunt,
1153 1095 1224 1154 id,
1250 1097 1373 1159 quod
1395 1096 1539 1143 histo-

260 1167 324 1213 ria
354 1168 443 1215 dici
472 1168 694 1230 postulat,
719 1184 804 1214 nos
830 1185 924 1216 non
948 1181 1106 1215 tacere.
1130 1172 1356 1215 Addamus
1376 1171 1541 1229 aliquid

257 1244 305 1287 de
341 1244 428 1289 vita
463 1249 529 1288 Va
550 1245 681 1288 eriani
704 1245 858 1302 patris.
892 1245 946 1288 In
969 1243 1167 1303 plerisque
1196 1245 1304 1288 enim
1337 1245 1535 1288 membra·

257 1317 352 1369 nis,
386 1332 487 1374 quas
601 1317 804 1360 Robertus
837 1334 863 1360 a
890 1318 1020 1361 Porta
1043 1315 1207 1374 secutus
1228 1315 1344 1372 fuit,
1378 1316 1463 1359 vira
1491 1332 1538 1359 ca

257 1387 452 1432 tribuitur
486 1387 601 1433 Julio
642 1389 896 1447 Capitolino.
932 1389 1020 1448 Qui
1058 1404 1164 1431 error
1197 1390 1292 1430 inde
1315 1390 1535 1445 provenit,

256 1462 356 1520 quia
401 1463 530 1505 codex
564 1463 660 1516 ille,
694 1463 801 1506 unde
831 1477 968 1504 omnes
1001 1475 1329 1518 promanarunt,
1363 1462 1537 1504 mutilus

256 1550 375 1578 erat:
417 1551 461 1579 ιιι
499 1537 543 1579 in
577 1553 655 1594 quo
693 1550 835 1593 praeter
868 1535 956 1578 alia
994 1533 1301 1596 desta'eraretur,
1334 1535 1537 1591 quomodo

248 1625 325 1666 per
346 1623 481 1651 annos
509 1606 650 1650 LXX
677 1609 764 1650 vita
796 1606 1003 1650 laudabili
1031 1609 1075 1650 in
1112 1624 1198 1650 eam
1230 1607 1404 1665 gloriam
1439 1623 1536 1649 con-

244 1676 474 1741 fiendiffi·t.
505 1679 601 1723 Hoc
623 1677 721 1738 ficse
752 1681 890 1724 Pollio
923 1679 1139 1731 esaeias-ac,
1169 1680 1278 1741 quod
1307 1695 1416 1721 nunc
1444 1695 1535 1722 ver-

254 1753 349 1797 bulo
382 1768 544 1797 tantum
581 1754 810 1813 attingitur.
846 1753 972 1795 Prior
1004 1754 1155 1811 igitur,
1199 1767 1245 1795 ut
1272 1753 1500 1795 dicebamus
1520 1785 1535 1807 ‚

246 1844 351 1886 pars
377 1829 471 1871 vitae
505 1828 722 1870 Valeriani
759 1826 954 1884 deperiit,
982 1821 1024 1869 δ’
1056 1842 1141 1869 una
1179 1827 1269 1868 vita:
1306 1824 1535 1884 inscriptio.

258 1902 382 1944 Unde
405 1898 568 1958 μίὶιᾶιιηι
586 1934 597 1953 ,
620 1915 664 1944 ut
695 1898 850 1961 rgfidua
869 1915 968 1958 pars
997 1900 1212 1942 crederetur
1233 1895 1300 1959 cſje
1330 1900 1534 1957 Capitoli-

254 1974 328 2030 ni,
359 1974 476 2032 cujus
513 1976 612 2019 liber
640 1976 686 2018 de
718 1974 910 2017 Maximi
941 1970 983 2017 δ’
1018 1973 1190 2015 Balbini
1224 1974 1311 2016 vita
1340 1973 1533 2030 proxime

253 2046 526 2109 anteceſjerat.
554 2049 701 2092 Credat
730 2048 908 2105 aliquis,
940 2045 1068 2089 vitam
1097 2045 1312 2088 Valeriani
1337 2044 1533 2104 integram

253 2122 416 2175 haberi,
434 2139 518 2181 quae
544 2139 570 2165 a
591 2138 728 2181 genere
758 2120 1019 2177 Imperatoris
1037 2117 1126 2171 ejus
1151 2119 1311 2175 incipit.
1340 2119 1425 2160 Sed
1451 2118 1535 2160 ini-

254 2194 358 2236 tium
376 2193 467 2256 istoc
486 2193 530 2236 in
551 2193 785 2236 melioribus
801 2192 1046 2235 membranis
1061 2188 1322 2248 defideramr,
1337 2204 1381 2232 ut
1399 2190 1535 2233 omni-

256 2283 310 2309 no
325 2301 337 2321 ,
357 2266 620 2331 velutstatuae
648 2266 836 2319 cuidam,
866 2278 988 2322 caput
1009 2264 1081 2306 lzoc
1111 2259 1333 2321 appositum
1339 2260 1402 2323 sit
1429 2260 1535 2304 Pol-

253 2342 371 2384 lioni.
407 2340 551 2399 Quam
582 2341 712 2398 inepte
740 2353 872 2382 autem
900 2339 972 2381 hoc
996 2334 1196 2393 fecerint,
1215 2336 1372 2393 patebit
1405 2331 1533 2392 consi·

251 2414 435 2470 desumi,
470 2414 671 2472 quomodo
698 2413 783 2457 vita
814 2413 890 2455 illa
926 2413 1082 2470 legatur
1107 2410 1151 2452 in
1178 2410 1294 2455 codd.
1326 2405 1504 2452 MSStis
1519 2437 1534 2459 ,
