1637 2785
274 152 638 203 ANTONINUS
675 150 1157 217 HELIOGABALUS.
1273 165 1366 211 249

80 280 168 327 qua
188 261 346 310 Fabius
369 261 420 308 &
441 257 685 307 Cornelius
711 274 735 304 a
757 256 1015 319 parentibus
1029 291 1043 315 ‚
1063 256 1117 302 ad
1137 254 1370 319 corrigen-

81 336 166 381 dos
196 348 372 390 mores,
402 329 704 378 adolescentes
737 329 784 375 in
818 329 1052 390 publicum
1091 328 1228 375 effent
1258 345 1369 391 pro-

83 405 211 453 ducti.
237 405 412 450 Omnes
443 392 684 460 de‘circo,
708 401 776 448 de·
793 401 972 448 theatro
989 437 1003 459 ,
1033 401 1087 448 de
1119 401 1261 448 stadio
1279 436 1292 460 ‚
1319 403 1371 450 &

82 478 292 526 omnibus
327 477 472 536 locis,
504 477 557 525 δε
589 475 788 534 balneis,
817 475 1073 523 meretrices
1104 474 1289 539 collegit
1322 476 1369 521 in

82 554 198 600 aedes
217 550 421 615 publicas
439 586 454 610 ,
474 552 526 599 &
543 551 662 614 apud
679 566 751 597 eas
771 549 1048 597 concionem
1070 548 1228 595 habuit
1249 547 1372 611 quali

82 626 346 683 militatem,
376 624 532 673 dicens
566 639 641 671 eas
674 625 1003 671 commilitones.-
1038 620 1372 685 disputavitque

82 698 137 745 de
164 697 400 761 generibus
430 696 708 744 schematum
735 698 786 744 δε
817 697 1126 760 voluptatum.
1154 693 1373 742 Adhibuit

82 772 128 818 in
157 771 232 818 tali
267 770 498 819 concione
529 769 682 833 postea
711 769 899 837 lenones
930 769 1139 818 exoletos
1168 766 1372 830 undique

84 844 332 903 comestos,
363 846 413 892 &
438 843 812 892 luxuriofiffimos
837 843 1053 907 puerulos
1082 844 1133 890 &
1166 840 1375 904 juvenes·

82 919 158 973 Et,
184 935 286 965 cum
306 918 362 964 ad
379 916 636 965 meretrices
658 916 867 964 muliebri
888 928 1053 964 ornatu
1072 913 1375 978 proceffiffet,

83 992 248 1054 papilla
277 991 440 1051 desta,
464 990 674 1038 exoletos
693 990 852 1038 habitu
872 1007 1117 1055 puerorum
1136 1025 1150 1047 ,
1169 987 1246 1051 qui
1267 1003 1376 1049 pro-

88 1065 330 1113 stituuntur
344 1101 358 1125 ,
383 1066 484 1129 post
508 1065 783 1114 concionem
804 1064 1122 1130 pronuntiavit
1141 1062 1236 1119 his,
1256 1059 1374 1125 quasi

87 1140 332 1197 militibus,
364 1152 520 1188 ternos
548 1157 711 1187 aureos
746 1139 1042 1187 donativum:
1064 1137 1281 1200 petiitque
1320 1136 1375 1182 ab

86 1213 181 1270 his,
202 1225 250 1260 ut
275 1230 298 1260 a
322 1211 427 1260 Diis
445 1224 677 1276 peterent,
699 1225 750 1259 ut
773 1212 889 1260 alios
913 1213 1097 1258 haberet
1124 1210 1225 1274 ipfis
1246 1224 1377 1257 com-

87 1286 379 1333 mendandos.
406 1287 644 1334 Jocabatur
673 1285 772 1333 sane
805 1286 865 1333 ita
891 1301 993 1334 curn
1024 1283 1190 1340 servis,
1218 1295 1266 1329 ut
1297 1298 1376 1328 eos

85 1361 259 1422 juberet
277 1361 457 1407 millena
488 1361 647 1424 pondo
665 1361 741 1406 fibi
767 1376 1022 1406 aranearum
1046 1356 1244 1416 deferre,
1266 1372 1377 1418 pro-

88 1434 236 1496 posito
256 1434 477 1495 praemio;
507 1433 824 1496 collegisseque
851 1431 1015 1488 dicitur
1046 1430 1201 1477 decern
1238 1429 1378 1475 millia

87 1508 246 1571 pondo
274 1524 562 1564 aranearum,
590 1507 741 1555 dicens
758 1542 771 1564 ‚
795 1508 842 1553 ὅε
870 1504 977 1551 binc
1004 1502 1346 1566 intelligendum
1363 1537 1378 1558 ‚

87 1599 219 1644 quam
247 1599 407 1646 magna
426 1581 530 1629 effet
551 1583 709 1627 Roma.
735 1579 940 1625 Mittebat
966 1576 1163 1640 parasitis
1187 1592 1265 1638 per
1286 1574 1379 1621 cel-

87 1656 223 1702 larios
255 1655 409 1702 salaria
446 1671 619 1713 annua,
649 1652 752 1700 vasa
792 1669 895 1699 cum
927 1651 1048 1697 ranis
1079 1651 1130 1697 &
1164 1648 1377 1710 scorpiis,

90 1734 138 1778 &
168 1748 270 1777 cum
298 1729 602 1792 serpentibus,
626 1730 675 1776 δε
699 1725 956 1787 hujusmodi
986 1723 1208 1771 monstris.
1239 1723 1378 1769 Clau³

89 1805 222 1850 debat
241 1803 286 1849 in
306 1802 580 1865 ejuscemodi
602 1802 715 1849 valis
730 1800 958 1848 infinitum
980 1796 1230 1846 muscarum
1244 1832 1256 1856 ,
1275 1812 1379 1860 apes

90 1876 338 1924 mansuetas
358 1893 429 1923 eas
449 1875 693 1938 appellans.

155 1952 350 1998 XXVII.
374 1951 627 2014 Quadrigas
648 1947 925 1995 Circensium
950 1945 996 1992 in
1020 1944 1228 1994 tricliniis
1255 1946 1303 1991 δι
1330 1944 1377 1990 in

91 2023 344 2086 porticibus
366 2023 442 2069 fibi
466 2022 636 2083 semper
660 2020 862 2067 exhibuit
881 2018 1130 2082 pransitans
1155 2019 1206 2065 &
1227 2016 1379 2064 coeni-

91 2109 190 2141 tans
207 2129 221 2151 ‚
241 2094 467 2142 convivas
485 2094 606 2140 senes
626 2092 790 2156 agitare
809 2106 1004 2155 cogens,
1026 2089 1276 2136 nonnullos
1296 2088 1378 2134 ho-

93 2178 283 2212 noratos
308 2163 394 2226 jam
417 2164 698 2227 Imperatori.
720 2163 900 2224 jubebat
921 2163 1002 2209 fibi
1031 2164 1080 2210 &
1102 2162 1255 2209 decem
1275 2160 1379 2207 mil-

93 2237 150 2285 lia
182 2237 377 2285 murium
412 2237 614 2284 exhiberi
637 2271 651 2295 ,
681 2236 804 2283 mille
839 2233 1074 2293 mustelas,
1104 2233 1226 2280 mille
1267 2232 1378 2279 sori-

93 2326 182 2358 ces.
211 2309 553 2358 Dulciarios&
580 2309 786 2357 laclarios
814 2308 923 2356 tales
949 2307 1135 2365 habuit,
1158 2319 1233 2363 ut,
1251 2323 1379 2369 quae-

95 2400 275 2446 cunque
294 2383 432 2447 coqui
451 2382 505 2429 de
523 2381 708 2430 diverfis
729 2381 936 2429 edulibus
953 2378 1279 2435 exhibuissent,
1305 2378 1380 2424 vel

94 2456 354 2515 structoreS,
378 2456 452 2507 vel
481 2455 696 2521 pomarii,
723 2455 790 2503 illi
818 2454 960 2503 modo
987 2453 1040 2501 de
1061 2452 1246 2512 dulciis,
1276 2468 1379 2497 mo-
