1637 2785
298 120 578 171 PROBUS
623 118 1084 168 IMPERATOR.
1120 116 1135 129 ⁶
1253 133 1347 181 2¹9

156 232 281 279 XIV.
314 233 491 294 Agros,
519 229 569 276 &
599 227 787 285 horrea,
819 227 868 274 &
902 227 1090 282 domos,
1120 224 1170 272 δε
1202 239 1354 271 anno-

74 319 177 350 nam
209 299 554 349 Transrhenanis
591 300 803 346 omnibus
841 297 983 355 fecit,
1012 297 1067 344 iis
1111 296 1358 355 videlicet,

75 393 192 440 quos
213 377 260 423 in
286 374 490 422 excubiis
517 372 800 420 collocavit:
829 388 912 419 nec
939 371 1144 419 cessatum
1176 370 1238 417 est
1270 387 1361 417 un·-

74 466 209 513 quam
240 447 456 512 pugnari,
484 462 588 493 cum
615 443 821 508 quotidie
848 443 901 490 ad
927 459 1028 490 eum
1063 443 1359 490 barbarorum

75 521 219 584 capita
240 520 542 575 deferrentur,
565 517 651 579 jam
674 517 729 564 ad
756 515 951 579 singulos
978 531 1139 561 aureos
1164 515 1362 578 singula,

74 595 288 659 quamdiu
319 593 461 658 reguli
491 608 663 639 novem
691 607 749 637 ex
782 588 968 636 diversis
996 589 1200 651 gentibus
1230 588 1365 635 veni-

76 683 203 727 rent,
234 683 368 732 atque
401 667 455 713 ad
488 666 625 731 pedes
661 662 798 710 Probi
834 661 1061 723 jacerent:
1092 661 1254 724 quibus
1286 661 1364 707 ille

77 745 272 808 primum
307 742 480 790 obsides
515 739 752 804 imperavit
773 774 790 798 ‚
823 739 902 802 qui
934 737 1077 784 statim
1117 729 1207 783 dati
1243 736 1376 784 suntz·

76 816 238 863 deinde
270 815 543 862 frumentum
561 849 576 872 ,
607 812 838 876 postremo
866 810 999 858 etiam
1037 825 1200 856 vaccas
1229 821 1366 871 atque

78 905 209 937 oves.
230 888 414 937 Dicitur
432 887 588 948 juffiffe
615 886 684 933 his
714 885 884 941 acrius,
909 896 959 930 ut
979 882 1135 946 gladiis
1155 898 1250 929 non
1270 894 1370 928 ute·

79 975 263 1019 rentur,
289 963 540 1009 Romanam
568 958 861 1021 exspe&aturi
889 956 1218 1014 defensionem,
1247 955 1277 1001 fi
1297 954 1369 1001 es-

81 1035 177 1081 sent
201 1035 256 1081 ab
276 1033 500 1098 aliquibus
527 1032 804 1082 vindicandi.
834 1032 920 1077 Sed
942 1030 1086 1077 visum
1110 1029 1174 1077 est
1199 1029 1245 1076 id
1274 1045 1373 1075 non

81 1106 206 1170 posse
226 1105 350 1164 fieri,
376 1106 454 1153 nifi
480 1105 512 1152 st
539 1105 665 1153 limes
689 1106 925 1151 Romanus
949 1103 1267 1150 extenderetur
1283 1138 1296 1161 ,
1317 1103 1369 1148 &

84 1178 212 1226 fieret
246 1178 486 1226 Germania
517 1190 614 1225 tota
654 1176 910 1240 provincia.
947 1176 1150 1224 Maxime
1189 1192 1370 1234 tamen,

84 1251 189 1314 ipsis
226 1251 404 1316 regibus
446 1250 855 1309 consentientibus,
891 1250 938 1296 in
972 1265 1052 1297 eos
1088 1249 1373 1297 vindicatum

86 1326 179 1385 est,
209 1327 287 1389 qui
318 1326 513 1388 praedam
542 1323 732 1371 fideliter
765 1340 861 1370 non
891 1323 1196 1370 reddiderunt.
1229 1325 1376 1369 Acce-

88 1399 156 1462 pit
184 1413 398 1462 praeterea
430 1398 615 1446 sedecim
642 1396 1031 1457 millialtironum:
1070 1413 1187 1460 quos
1216 1410 1378 1442 omnes

87 1490 168 1536 per
193 1474 389 1521 diversas
411 1472 671 1535 provincias
697 1471 871 1534 sparsit,
891 1471 953 1518 ita
971 1483 1024 1519 ut
1048 1470 1247 1518 numeris
1265 1505 1279 1528 ‚
1300 1468 1376 1517 vel

89 1547 332 1594 limitaneis
349 1546 591 1602 militibus,
616 1544 960 1608 quinquagenos
981 1545 1030 1592 δε
1048 1543 1291 1606 sexagenos
1308 1541 1379 1586 in-

89 1616 342 1675 tersereret,
359 1618 533 1673 dicens,
549 1616 826 1664 sentiendum
848 1616 932 1662 esse
946 1652 959 1673 ,
980 1632 1078 1661 non
1101 1615 1380 1671 videndum,

93 1705 194 1737 cum
219 1688 503 1736 auxiliaribus
525 1687 720 1735 barbaris
742 1688 977 1734 Romanus
994 1686 1193 1745 juvatur.

157 1764 261 1809 XV.
284 1762 562 1823 Compositis
592 1761 727 1824 igitur
753 1762 882 1808 rebus
910 1761 956 1807 in
991 1760 1166 1818 Gallia,
1191 1759 1299 1807 tales
1326 1756 1382 1803 ad

92 1837 301 1883 Senatum
332 1834 478 1882 literas
509 1834 661 1881 dedit:
686 1839 784 1897 Ago
815 1836 925 1880 Diis
955 1836 1256 1880 immortalibus
1281 1851 1384 1894 gra·

95 1913 179 1956 tias
193 1945 207 1966 ‚
227 1911 374 1954 Patres
394 1910 615 1969 confirlpti
632 1944 644 1964 ,
665 1912 764 1969 qnia
791 1909 915 1974 vestra
933 1909 977 1953 irz
1004 1926 1067 1953 me
1076 1907 1248 1965 judicia
1270 1924 1383 1951 com-

89 1987 330 2045 probarunt.
350 1988 383 2027 S
388 1983 531 2028 αἰναὲῗα
550 1984 601 2049 esi
615 1984 774 2034 onmis,
790 2000 871 2042 qua
894 1982 1097 2037 tenditur,
1118 1983 1196 2025 late
1211 1981 1385 2025 Germa-

96 2061 190 2113 nia,
222 2076 368 2103 novem
395 2073 500 2118 reges
523 2058 705 2118 gentium
728 2054 978 2114 diversizrum
1012 2055 1072 2098 ad
1098 2069 1206 2097 meos
1232 2054 1387 2112 pedes,

96 2133 224 2177 immo
250 2132 310 2175 ad
330 2130 474 2195 vestros
490 2164 503 2186 ‚
516 2130 726 2189 ficpplices
737 2128 938 2192 stratique
948 2126 1192 2184 jacuerunt.
1228 2124 1386 2169 Omnes

89 2205 183 2259 jam
213 2206 378 2249 barbari
414 2205 531 2248 vobis
555 2218 705 2256 arant,
739 2204 856 2248 vobis
881 2201 976 2257 jam
994 2200 1173 2260 strunt,
1213 2194 1255 2242 ὃ
1285 2214 1388 2242 con-

95 2294 160 2323 tra
181 2278 390 2322 interiores
413 2291 548 2338 gendes
575 2276 778 2320 militant.
806 2274 1140 2333 Szzpplicatiorzes
1171 2272 1301 2332 igitur
1318 2287 1388 2315 ve-

88 2350 176 2415 stro
206 2367 312 2394 more
344 2351 549 2394 decernite.
582 2351 695 2394 Nam
736 2346 777 2394 G·
811 2348 1115 2408 quadringenta
1144 2345 1283 2390 millia
1315 2345 1392 2388 lzo·

87 2423 219 2489 stium
253 2423 354 2484 cae-J'Zz
370 2422 502 2483 fimt,
533 2420 574 2468 δ’
599 2422 780 2484 sedecim
816 2423 953 2467 millia
985 2434 1238 2466 armatorum
1271 2417 1392 2466 nobis

916 2608 937 2633 ί
