1714 2807
316 131 407 188 164
537 129 898 176 FLAvxt
964 129 1403 178 VOPISCI

308 243 355 286 in
368 241 557 299 filiorum
582 241 715 284 locum
735 237 957 301 fhrtf'ffimi
984 239 1065 283 viri
1077 239 1241 299 semper
1264 239 1373 283 είεὲἵὶ
1389 238 1528 298 sunt,
1552 253 1607 285 ut

311 317 380 359 wel
391 312 641 372 finestemes
656 310 882 369 familias,
901 311 1108 369 velfoetus
1127 313 1407 357 matrimoniis
1416 311 1515 368 jam
1535 329 1607 358 ca-

307 388 460 432 ducos.
470 386 698 451 substitutae
716 383 978 442 foeczmditas
986 387 1122 444 prolis
1140 400 1316 430 ornaret.
1339 385 1436 429 Hoc
1460 387 1607 446 igitur,

308 459 424 519 quod
443 456 636 510 Coccejus
655 457 797 501 Nerva
818 456 864 499 in
890 455 1080 510 Trajano
1098 459 1364 515 adoptando,
1390 460 1503 517 quod
1519 460 1606 502 Ul-

301 533 404 590 pius
432 528 649 583 Trajanus
671 530 716 573 itt
743 528 995 583 Hadriano,
1019 533 1133 589 quod
1156 532 1414 576 Hadrianus
1432 533 1479 576 in
1506 536 1605 578 Aa·

308 605 459 648 tonino
475 635 488 658 ‚
514 598 556 646 δ’
581 605 694 647 ceteri
713 604 899 661 deinceps
912 602 1128 665 propostta
1137 603 1606 668 suggestioneflcerunc,

298 677 399 738 jam
427 677 473 721 in
494 678 729 737 arrogando
751 679 986 720 Aureliano
1001 708 1016 731 ,
1040 694 1155 735 quem
1175 679 1282 721 mihi
1302 680 1503 723 vicarium
1524 679 1606 734 ju-

306 752 410 796 dicii
428 751 490 795 tui
515 750 753 795 auftorieate
771 747 931 813 fecisti,
953 751 1092 806 censui
1117 745 1186 810 effi
1209 748 1479 806 reflerendum.
1500 752 1606 797 Iube

308 826 453 885 igitur,
474 838 519 866 ut
540 826 622 882 lege
637 836 788 882 agatur
800 854 813 875 ‚
821 820 955 884 fitque
972 824 1232 866 Aurelianus
1250 824 1578 883 heresfizcrorum
1591 856 1608 880 ,

308 898 496 942 nominis
528 892 570 940 δ’
596 897 795 939 honorum
813 927 825 948 ‚
862 895 1061 954 totiusque
1083 893 1230 951 juris,
1269 897 1403 956 Ulpio
1443 898 1607 942 Crinito

301 970 401 1029 jam
423 969 628 1028 conficlari
643 970 761 1022 viro,
790 967 873 1027 ips&
890 967 1093 1024 affatum,
1114 985 1150 1013 te
1171 969 1336 1025 judice,
1357 971 1608 1031 consularis.

373 1043 479 1089 XV.
501 1042 709 1105 Longum
735 1040 797 1086 est
822 1040 980 1086 cuneta
1005 1052 1254 1102 pertexere.
1277 1042 1391 1088 Nam
1420 1044 1470 1090 &
1498 1043 1609 1090 aetae

309 1114 412 1162 sunt
441 1114 623 1163 Crinito
658 1130 682 1158 a
719 1112 963 1159 Valeriano
993 1112 1177 1175 gratiae,
1211 1115 1259 1160 &
1296 1115 1518 1177 adoptio,
1555 1128 1608 1162 ut

310 1187 501 1244 solebat,
523 1186 720 1249 impleta.
738 1178 950 1241 Memini,
972 1201 1042 1231 me
1060 1186 1107 1231 in
1129 1187 1324 1249 quodam
1339 1187 1457 1234 libro
1476 1190 1607 1235 Grae-

311 1283 372 1314 co
392 1263 568 1328 legisse,
601 1262 753 1327 (quod
781 1261 1018 1308 tacendum
1045 1260 1131 1308 effe
1147 1278 1243 1308 non
1265 1261 1460 1326 credidi)
1480 1280 1606 1310 man-

311 1340 463 1388 datum
484 1338 567 1384 effe
583 1336 773 1403 =Crinito
799 1353 825 1382 a
850 1334 1093 1382 Valeriano
1109 1371 1122 1392 ,
1144 1348 1192 1381 ut
1214 1337 1480 1384 Aurelianus
1497 1338 1606 1384 ado-

310 1426 540 1477 ptaretur,
567 1411 737 1459 idcirco
760 1409 987 1473 praecipue
1003 1445 1016 1467 ,
1038 1409 1163 1472 quod
1184 1426 1351 1472 pauper
1369 1411 1473 1457 esset
1498 1428 1511 1459 ε
1534 1411 1606 1459 sed

308 1490 401 1535 hoc
432 1486 478 1533 in
509 1484 662 1532 medio
693 1483 1043 1545 relinquendum
1062 1494 1191 1544 puto.
1217 1484 1271 1529 Et
1297 1483 1512 1546 quoniam
1534 1483 1604 1530 su-

309 1561 462 1625 perius
489 1558 723 1622 epistolam
756 1556 913 1619 posui,
937 1572 1024 1619 qua
1055 1554 1222 1602 sumtus
1262 1556 1511 1605 Aureliano
1548 1555 1606 1602 ad

311 1634 614 1682 Consulatum
644 1631 815 1678 delatus
834 1632 894 1678 est
908 1667 920 1689 ‚
941 1646 1080 1694 quare
1097 1629 1323 1692 posuerim
1339 1665 1352 1687 ‚
1372 1646 1467 1676 rem
1484 1630 1607 1692 quasi

311 1709 527 1755 frivolam
550 1741 564 1763 ‚
596 1704 904 1767 eloquendum
945 1704 1120 1765 putavi.
1157 1702 1365 1750 Vidimus
1397 1703 1608 1766 proxime

310 1780 610 1828 Consulatum
647 1777 768 1824 Furii
803 1776 971 1823 Placidi
1007 1788 1136 1822 tanto
1161 1775 1334 1822 ambitu
1376 1775 1422 1822 in
1464 1776 1607 1823 Circo

310 1853 482 1900 editum
500 1886 515 1908 ,
547 1863 597 1896 ut
629 1867 722 1896 non
744 1850 927 1912 praemia
959 1848 1053 1895 dari
1075 1849 1238 1912 aurigis
1254 1886 1268 1906 ,
1290 1849 1361 1896 sed
1385 1851 1606 1912 patrimo-

286 1919 385 1975 ⁴nia
428 1926 722 1978 viderentur;
753 1941 859 1971 cum
897 1923 1105 1969 darentur
1140 1923 1306 1970 tunicae
1340 1923 1572 1970 subsericae
1591 1957 1618 1982 „

311 2000 444 2047 lineae
488 1998 747 2061 paragaudae
766 2032 780 2054 ,
819 1998 1030 2044 darentur
1067 1996 1201 2042 etiam
1242 1995 1344 2059 equi
1360 2031 1374 2054 ‚
1410 1996 1607 2059 ingemi-

312 2071 541 2122 scentibus
561 2070 679 2134 frugi
705 2070 982 2116 hominibus.
1001 2069 1177 2115 Faftum
1194 2069 1255 2115 est
1277 2067 1394 2115 enim
1413 2104 1428 2127 ‚
1448 2081 1497 2114 ut
1517 2066 1605 2129 jam

312 2146 575 2194 divitiarum
597 2144 675 2201 sit,
694 2160 788 2189 non
816 2143 1052 2189 hominum
1069 2142 1371 2188 Consulatus:
1393 2142 1496 2203 quia
1519 2141 1608 2188 uti·

312 2235 403 2284 que
432 2219 463 2265 fi
495 2215 739 2264 virtutibus
776 2215 1004 2271 defertur,
1036 2215 1254 2260 editorem
1285 2214 1473 2276 spoliare
1507 2229 1604 2259 non

313 2295 494 2342 debent.
531 2291 763 2342 Perierunt
813 2289 926 2338 casta
969 2288 1044 2334 illa
1087 2302 1293 2351 tempora
1313 2323 1328 2347 ,
1367 2289 1418 2335 &
1465 2286 1606 2350 magis

313 2367 567 2416 ambitione
598 2363 808 2428 populari
837 2362 1032 2425 peritura
1062 2362 1174 2409 sunt.
1203 2363 1288 2409 Sed
1313 2378 1398 2409 nos
1431 2360 1513 2425 (ut
1538 2360 1605 2406 so·

313 2441 494 2509 lemus)
525 2442 644 2490 hanc
673 2455 854 2505 quoque
885 2455 977 2486 rem
1009 2437 1054 2497 in
1088 2437 1238 2485 medio
1260 2436 1569 2500 relinquimus-
