1714 2807
354 158 442 200 142
559 143 981 193 ‘s}{÷‹;¹25t⁵.LL11
1027 147 1470 194 POLLIONIS

349 260 581 305 mentum,
619 251 885 312 reincipiunt
921 253 974 297 de
1008 252 1213 299 Aureolo
1247 253 1306 299 sic
1333 252 1515 308 habuit,
1548 259 1626 300 Veo

350 324 491 367 722152215
520 325 580 367 ad
617 326 901 384 Imperatorem
926 326 1116 372 nominis
1129 326 1218 385 fitl.
1243 326 1403 388 Magna
1433 324 1527 385 ejus
1560 325 1629 370 vi·

349 396 513 441 delicet
548 393 718 451 virtu5‚
754 395 810 442 ab
840 413 951 442 auro
993 413 1163 444 nomen
1204 397 1420 459 accipere.
1451 398 1511 444 At
1544 412 1629 460 ego

351 468 469 525 scio,
496 467 652 530 saepius
687 469 803 515 inter
835 470 1101 533 gladiatores
1138 470 1272 518 bonis
1301 470 1630 534 pugnatoribus

347 542 442 586 lioc
465 556 630 588 nomen
652 542 921 604 appositum.
947 543 1116 589 Habuit
1143 544 1350 604 proxime
1378 557 1479 589 tuus
1501 542 1628 588 libel-

349 612 420 660 lus
440 613 718 659 munerarius
739 614 827 660 hoc
849 630 1014 660 nomen
1042 614 1089 659 in
1109 614 1258 662 indice
1278 615 1506 662 ludorum.

428 686 506 731 VI.
533 685 617 730 Sed
650 686 880 732 redeamus
906 687 962 731 ad
991 686 1249 733 Claudium.
1278 688 1393 732 Nam
1423 698 1472 732 ut
1502 686 1629 748 supe·

348 758 440 805 rius
469 759 664 805 diximus
682 793 696 815 ,
726 758 788 804 illi
817 759 991 815 Gothi,
1013 759 1092 821 qui
1123 758 1356 806 evaserant
1377 775 1433 806 eo
1455 771 1627 820 tempo·

346 850 423 885 re,
461 848 555 892 quo
589 831 693 878 illos
728 831 985 879 Macrianus
1024 833 1086 879 est
1121 834 1402 895 persecutus,
1431 832 1630 897 quosque

346 903 562 951 Claudius
588 903 733 950 emitti
764 920 859 950 non
890 904 1079 962 siverat,
1104 922 1159 952 ne
1188 904 1296 969 quid
1325 904 1478 962 fieret,
1503 905 1632 968 quod

346 978 550 1024 effectum
577 977 663 1036 est,
684 995 844 1025 omnes
861 991 1013 1041 gentes
1033 980 1214 1026 suorum
1237 980 1292 1026 ad
1315 981 1541 1026 Romanas
1559 978 1629 1024 in-

348 1051 607 1097 citaverunt
632 1050 816 1112 praedas.
835 1051 1048 1114 Denique
1075 1051 1343 1114 Scytharum
1364 1050 1523 1098 diversi
1549 1067 1631 1112 po-

346 1123 468 1185 puli,
494 1123 706 1181 Peucini,
734 1124 960 1188 Trutungi
979 1160 992 1182 ,
1022 1124 1342 1188 Austrogothi,
1371 1124 1597 1188 Virtingui
1615 1159 1630 1181 ,

347 1195 574 1258 Sigipecles
591 1230 604 1252 ‚
627 1194 768 1241 Celtae
795 1195 953 1252 etiam,
984 1197 1032 1244 &
1059 1197 1238 1254 Heruli,
1266 1198 1426 1259 praedae
1454 1197 1630 1259 cupidi-

346 1279 437 1314 tate
458 1267 502 1312 in
526 1268 781 1313 Romanum
802 1266 944 1314 solum
967 1271 1014 1316 &
1039 1270 1361 1331 rempublicam
1385 1286 1630 1326 venerunt,

347 1353 483 1402 atque
511 1340 602 1386 illic
634 1339 844 1402 pleraque
878 1340 1138 1398 vastarunt,
1172 1342 1274 1388 dum
1307 1342 1403 1389 aliis
1431 1358 1627 1404 occupa·

348 1425 418 1458 tus
450 1411 510 1458 est
541 1412 781 1470 Claudius,
815 1413 1009 1476 dumque
1040 1413 1080 1460 se
1114 1415 1168 1460 ad
1198 1414 1241 1460 id
1272 1415 1468 1472 bellum,
1504 1416 1630 1478 quod

349 1484 577 1543 confecit,
615 1486 902 1547 imperatorie
940 1485 1141 1543 instrui13
1182 1499 1229 1533 ut
1268 1488 1505 1535 videantur
1544 1489 1629 1535 saxa

347 1560 555 1605 Romana
593 1559 704 1605 boni
743 1558 961 1621 Principis
1007 1559 1309 1620 occupatione
1343 1561 1517 1606 lentata.
1559 1560 1630 1606 sed

348 1632 516 1688 credo,
541 1643 587 1676 ut
605 1630 782 1677 Claudii
810 1631 954 1694 gloria
982 1631 1274 1688 accresceret,
1301 1630 1483 1694 ejusque
1506 1630 1629 1677 fieret

346 1704 589 1767 gloriosior
627 1716 730 1751 toto
763 1704 938 1766 penitus
971 1704 1083 1750 orbe
1113 1703 1317 1750 vieloria.
1350 1705 1629 1751 Armatarum

349 1777 541 1839 denique
576 1777 773 1841 gentium
807 1788 1002 1824 trecenta
1034 1776 1194 1840 viginti
1225 1777 1364 1824 millia
1392 1790 1502 1826 tunc
1531 1778 1627 1825 fue-

348 1867 412 1896 re.
432 1851 568 1897 Dicat
594 1867 742 1907 nunc,
765 1850 842 1913 qui
863 1866 948 1911 nos
973 1850 1242 1897 adulationis
1268 1851 1472 1910 accusat,
1491 1852 1629 1899 Clau·

348 1923 473 1968 dium
495 1923 642 1969 minus
664 1923 747 1969 effe
768 1923 1014 1970 amabilem.
1034 1926 1323 1970 Armatorum
1349 1937 1543 1971 trecenta
1562 1925 1629 1971 vi-

350 1994 463 2056 ginti
489 1994 639 2041 millia.
661 1995 779 2055 Quis
809 1997 982 2042 tandem
1010 1998 1181 2041 Xerxes
1206 1997 1295 2043 hoc
1322 1996 1504 2043 habuit?
1529 2013 1630 2060 quae

350 2067 509 2114 fabella
543 2068 669 2114 istum
707 2086 937 2115 numerum
973 2068 1172 2115 effinxit?
1207 2070 1306 2132 quis
1337 2083 1470 2131 poeta
1501 2087 1626 2130 com-

349 2140 530 2203 posuit?
548 2141 767 2187 Trecenta
794 2141 955 2203 viginti
983 2139 1121 2187 millia
1145 2156 1414 2188 armatorum
1436 2141 1628 2188 fuerunt.

350 2215 480 2261 Adde
509 2215 663 2262 servos
683 2250 696 2272 ,
724 2215 834 2262 adde
870 2214 1056 2262 familias
1079 2250 1091 2273 ‚
1111 2217 1221 2261 adele
1257 2215 1557 2278 carraginem,
1579 2218 1627 2262 &

350 2305 485 2350 epota
515 2288 699 2335 flumina
729 2288 1067 2352 consumtasque
1100 2289 1250 2337 filvas.
1281 2288 1516 2335 Laboraffe
1549 2288 1623 2334 de-

351 2362 488 2423 nique
512 2361 646 2422 ipsam
665 2397 679 2420 ,
703 2378 804 2425 quae
832 2374 1007 2416 tantum
1038 2363 1254 2412 barbarici
1282 2361 1470 2415 tumoris
1495 2377 1621 2410 exce*

350 2433 443 2495 pit,
476 2446 634 2482 terram
659 2446 789 2498 puto.
