1637 2785
291 144 714 192 TRIGINTA
765 143 1160 193 TYRANNI.
1286 159 1373 207 ης

81 263 155 300 rae.
183 254 336 313 Quare
372 251 480 299 scire
513 262 727 312 oportet,
747 249 1029 297 Herennium
1056 249 1261 310 Celsum,
1290 267 1376 298 ve-

80 322 218 369 strum
235 334 463 384 parentem
478 355 492 376 ,
514 321 620 367 dum
637 321 918 368 consulatum
944 321 1070 383 cupit
1084 357 1096 378 ‚
1117 322 1223 378 hoc,
1245 322 1375 385 quod

80 396 322 452 defiderat,
350 409 445 440 non
471 392 620 440 licere.
649 396 807 441 Fertur
829 394 949 440 enim
979 396 1099 456 apud
1127 396 1378 457 Memphim

78 469 125 516 in
155 483 283 515 aurea
308 467 522 514 columna
549 465 780 531 AEgyptiis
815 467 957 514 literis
989 467 1235 530 scriptum,
1266 482 1378 517 tunc

79 542 256 588 demum
292 542 543 604 AEgypturn
582 539 770 588 liberam
800 539 929 600 fore,
956 557 1057 588 cum
1087 541 1134 587 in
1167 558 1264 588 eam
1298 559 1377 589 ve·

77 613 240 662 niffent
266 613 462 661 Romani
499 613 664 673 fasces,
694 614 746 662 &
776 620 995 678 ‘praetexta
1029 615 1342 662 Romanorum
1361 632 1376 663 ε

76 686 202 747 quod
238 685 357 748 apud
396 684 641 733 Proculum
670 685 1012 748 grammaticum
1032 720 1047 742 ‚
1078 684 1375 732 doffiffimum

76 760 145 806 sui
176 757 395 820 temporis
421 757 596 817 virum,
619 775 723 807 cum
751 758 805 808 de
835 758 1082 823 peregrinis
1111 757 1377 822 regionibus

75 830 309 894 loquitur,
343 830 591 879 invenitur.

76 981 360 1038 XXII·
434 981 573 1037 DE
637 981 1371 1040 SATURNINO.

74 1167 245 1215 XXIII.
278 1127 568 1216 OPT1MUS
610 1165 778 1212 ducum
826 1164 1024 1212 Gallieni
1062 1165 1376 1229 temporibus,

75 1239 151 1286 sed
174 1256 198 1286 a
221 1238 467 1286 Valeriano
491 1238 703 1296 dilectus,
731 1237 998 1285 Saturninus
1026 1237 1125 1285 fuit.
1146 1240 1233 1287 Hic
1253 1256 1391 1303 quo-.

73 1329 192 1377 que,
217 1330 320 1361 cum
354 1312 690 1360 dissolutionem
728 1312 954 1371 Gallieni,
987 1315 1291 1376 perno&antis
1323 1315 1371 1362 in

73 1386 288 1450 publico,
311 1386 427 1434 ferre
450 1403 545 1434 non
577 1385 743 1450 poffet,
770 1388 819 1434 δι
848 1386 1012 1441 milites
1036 1403 1130 1433 non
1157 1388 1371 1450 exemplo

72 1460 360 1522 Imperatoris
378 1459 442 1506 sui
456 1496 470 1519 ,
491 1459 571 1517 sed?
581 1459 660 1506 suo
683 1475 854 1523 regeret
868 1495 882 1518 ,
899 1460 953 1506 ab
967 1459 1238 1507 exercitibus
1253 1461 1366 1509 sum·

72 1533 127 1580 fit
150 1534 414 1595 imperium:
447 1533 520 1579 vir
551 1532 801 1594 prudentiae
835 1532 1101 1596 lingulam,
1133 1534 1369 1597 gravitatis

72 1605 282 1671 insignis,
310 1607 404 1654 vita
430 1607 664 1663 amabilis,
695 1607 988 1654 victoriarum
1015 1607 1211 1655 barbaris
1233 1610 1366 1657 etiam

73 1681 244 1744 ubique
281 1693 508 1728 notarum.
528 1681 615 1729 Hic
640 1698 689 1729 ea
713 1681 755 1727 di
744 1698 810 1740 Ὅ,
831 1698 917 1744 qua
941 1680 1002 1728 est
1027 1682 1207 1730 amicius
1232 1700 1255 1730 a
1284 1683 1367 1731 mi·

73 1754 229 1802 litibus
247 1755 384 1818 peplo
411 1748 735 1817 imperatorio,
758 1754 988 1802 concione
1018 1755 1193 1812 habita,
1209 1756 1364 1804 dixisse

72 1829 243 1890 fertur,
287 1833 620 1888 Commilitones,
655 1834 808 1877 honum
845 1834 986 1877 ducem
1019 1832 1285 1896 pcrdidzst2‘5‚
1320 1830 1365 1879 δ’

71 1907 231 1949 malum
257 1905 495 1965 Principem
513 1904 689 1971 fecistis.
712 1902 924 1965 Denique
953 1920 1054 1951 cum
1082 1904 1222 1950 multa
1251 1904 1363 1952 stre-

72 1991 164 2022 nue
189 1977 233 2023 in
258 1977 452 2038 imperio
480 1977 672 2034 feciffet3
697 1978 822 2041 quod
847 1978 951 2024 effet
973 1977 1172 2025 severior
1197 1980 1244 2026 ὃ(
1266 1996 1364 2041 gra-

72 2049 182 2096 vior
203 2049 447 2109 militibus,
466 2051 521 2098 ab
545 2051 696 2097 iisdem
719 2050 822 2113 ipsis
839 2086 851 2107 ,
876 2068 899 2097 a
923 2050 1082 2114 quibus
1101 2051 1239 2099 faetus
1263 2052 1361 2101 fue·

71 2136 166 2181 rat,
194 2115 455 2172 interemtus
488 2124 565 2172 est.
598 2124 743 2182 Huius
774 2124 942 2187 insigne
973 2124 1061 2183 est,
1092 2125 1217 2187 quod
1245 2141 1360 2173 con-

70 2197 208 2245 vivio
232 2198 506 2247 discumbere
531 2200 720 2259 milites,
752 2216 808 2247 ne
832 2199 1050 2246 inferiora
1078 2199 1358 2248 denudaren-

72 2281 171 2326 tur,
198 2288 300 2321 cum
335 2272 442 2340 sagis
467 2272 612 2337 jussit,
644 2274 791 2323 hieme
820 2273 1054 2339 gravibus,
1079 2271 1226 2322 aestate
1256 2289 1358 2337 per-

70 2341 247 2394 lucidis.
784 2373 789 2377 ·
