1637 2785
88 141 193 193 AEL.
221 146 439 192 LAMPR.
468 144 772 191 ANTONIN.
802 145 1239 192 DIADUMENUS.
1278 161 1365 196 221

87 248 132 296 δ’
156 253 469 297 Diadumenum
489 268 658 310 puerum
678 268 693 295 .·
711 269 821 310 quem
844 255 918 296 diu
949 254 1182 312 Principem
1203 252 1271 316 ‚st
1285 254 1374 298 Dii

77 325 262 383 faveant
281 360 294 380 ‚
325 326 535 370 habebitis.
574 328 764 386 Intelligo
787 342 972 383 praeterea
994 360 1004 375 ,
1035 326 1269 387 defiderium
1301 329 1374 371 in-

85 415 185 459 gens
203 398 420 442 Antonini
442 398 628 442 nominis
657 400 775 456 apud
807 414 881 441 vos
904 414 1078 443 manere.
1104 416 1250 456 quare,
1270 416 1376 458 quo-

89 470 205 514 niam
244 471 348 513 milii
366 487 443 528 per
474 471 751 513 conditionem
778 467 1036 528 fragilitatis
1071 469 1260 513 lzumanae
1289 486 1374 514 non

91 544 266 586 multum
276 540 477 604 fiepereffe
506 544 668 586 videtur
688 543 747 586 ad
765 544 894 586 vitam
911 574 924 596 ‚
953 542 1060 585 lzunc
1078 559 1247 599 puerum
1271 546 1376 587 An·

92 618 283 663 zoninum
308 617 423 660 vobis
452 615 684 660 auctoribus
714 632 906 674 nuncupo
921 648 935 669 ,
959 616 1032 659 diu
1050 617 1166 659 vobis
1186 618 1379 660 Antoni-

89 706 188 733 num
209 690 592 748 repraesentaturum.
619 687 950 732 Acclamatum:
975 689 1168 731 Macrine
1189 691 1377 747 Impera-

93 778 181 816 tor,
207 762 297 806 Dii
324 777 359 806 te
378 763 556 820 servent.
579 762 798 805 Antonine
821 761 1113 812 Diadumene,
1136 760 1222 803 Dii
1242 760 1379 817 teser·-

90 847 202 879 vent.
246 837 515 879 Antoninum
550 835 714 879 Divum
750 849 890 877 omnes
930 848 1124 892 rogamus
1141 848 1156 876 :
1192 833 1383 891 ,luppiter

95 907 243 965 optime
261 910 468 964 maxime,
488 909 681 952 Macrino
701 903 744 952 G*
766 909 992 951 Antonino
1009 906 1158 951 vitam.
1186 908 1250 951 Tu
1260 905 1352 965 scis
1365 939 1381 960 ‚

96 981 310 1040 luppiter,
333 983 551 1025 Macrinus
570 980 684 1025 vinci
698 997 783 1024 non
800 979 954 1043 potest:
979 978 1138 1037 tuscis,
1157 979 1349 1039 luppiter
1365 1012 1380 1033 ‚

96 1054 319 1097 Macrinus
338 1055 450 1098 vinci
463 1070 548 1097 non
561 1052 700 1113 potest.
713 1054 982 1096 Antoninum
999 1052 1217 1095 habemus:
1235 1053 1378 1096 omnia

99 1125 309 1168 habemus.
328 1126 595 1169 Antoninum
621 1124 743 1168 nobis
767 1123 854 1167 Dii
874 1124 1069 1167 dederunt
1086 1137 1259 1181 patrem.
1284 1127 1381 1167 An-

97 1198 271 1241 toninus
300 1198 453 1258 dignus
476 1197 660 1256 imperio.

165 1270 212 1312 11.
234 1269 459 1314 Macrinus
480 1271 725 1328 Imperator
747 1266 858 1313 dixit
878 1284 888 1312 ε
911 1268 1074 1313 Habete
1098 1269 1252 1328 igitur,
1274 1285 1382 1314 com,-

102 1343 312 1388 militones
329 1378 341 1398 ‚
362 1361 438 1403 pro
453 1344 622 1404 imperio
642 1359 784 1388 aureos
803 1357 951 1387 ternos.
968 1359 1044 1401 pro
1066 1345 1284 1387 Antonini
1301 1359 1383 1386 no·-

103 1418 213 1461 mine
239 1435 383 1461 aureos
405 1420 556 1477 quinos
573 1451 586 1474 ‚
610 1414 653 1461 δ’
661 1417 821 1477 solitas
834 1418 1116 1476 promotiones
1135 1446 1148 1468 ,
1158 1417 1238 1474 fid
1253 1418 1384 1476 gemi-

102 1505 240 1533 natas.
281 1492 368 1535 Dii
397 1489 605 1548 faciant,
638 1505 684 1534 ut
713 1492 796 1533 lzaec
827 1490 985 1549 saepius
1008 1489 1138 1545 fiant.
1169 1490 1384 1533 Dabimus

103 1576 238 1607 autem
259 1582 335 1622 per
362 1565 505 1608 cunc‘la
523 1564 806 1624 quinquennia
830 1566 902 1615 id,
932 1564 1043 1622 quod
1069 1563 1188 1606 hodie
1213 1564 1387 1621 deputa·

103 1637 254 1679 vimus.
285 1633 386 1678 Post
411 1633 500 1679 hoc
528 1633 621 1694 ipse
652 1632 862 1694 puerulus
891 1633 1202 1678 Diadumenus
1237 1635 1386 1677 Anto·-

105 1705 240 1751 ninus
260 1709 504 1765 Imperator
532 1706 671 1752 dixit:
699 1706 875 1750 Gratias
904 1723 982 1765 ago
1008 1707 1123 1750 vobis
1143 1739 1155 1760 ,
1182 1708 1389 1750 commili-

106 1795 247 1834 tones,
275 1782 387 1839 quod
411 1798 472 1824 me
499 1782 667 1839 imperio
687 1779 872 1842 donastis
903 1775 945 1822 δ’
970 1780 1136 1822 nomine
1156 1812 1167 1832 ‚
1176 1778 1387 1842 siquidem

107 1855 257 1913 dignos
279 1851 396 1898 &me
425 1850 467 1898 ὃ·
494 1870 650 1912 patrem
677 1857 807 1897 meum
840 1852 1040 1915 duxistis,
1068 1868 1169 1911 quos
1201 1853 1392 1911 Impera·

107 1941 212 1971 tores
239 1928 455 1971 Romanos
481 1928 688 1981 diceretis,
720 1924 762 1971 δ’
788 1927 935 1986 quibus
958 1927 1256 1970 committeretis
1285 1943 1391 1970 rem-

100 2001 327 2059 publicam.
351 2002 411 2045 Et
425 2016 545 2060 pater
559 2003 721 2060 quidem
743 2018 853 2044 meus
870 2001 1043 2054 curabit,
1072 2018 1121 2044 ne
1139 1998 1238 2062 defit
1260 2001 1388 2057 impe-

108 2077 170 2118 rio
190 2093 206 2119 :
233 2091 303 2135 ego
329 2091 461 2120 autem
480 2076 695 2119 elaborabo
709 2109 722 2130 ‚
744 2092 793 2118 ne
816 2073 937 2135 desim
959 2075 1123 2117 nomini
1142 2074 1392 2117 Antonino·

109 2164 213 2192 rum.
232 2150 329 2191 Scio
349 2148 454 2192 enini
469 2181 482 2202 ,
504 2165 566 2191 me
587 2148 661 2191 Pii
674 2181 684 2199 ‚
703 2164 764 2190 me
782 2147 923 2189 Marci
941 2179 952 2198 ‚
979 2163 1039 2188 me
1073 2149 1117 2187 V
1114 2147 1169 2189 eri
1177 2142 1390 2207 fizscepiffi

111 2238 259 2265 nomen
273 2255 283 2272 ‚
298 2222 442 2281 quibus
462 2218 707 2280 satisfacere
718 2217 958 2279 perdifficile
976 2217 1038 2280 est.
1062 2219 1230 2262 Interim
1252 2233 1392 2261 tamen

112 2293 237 2352 causa
260 2295 444 2351 imperii,
462 2292 588 2351 causa
603 2292 786 2336 nominis
801 2325 813 2345 ‚
832 2294 879 2335 id
895 2307 1013 2334 omne
1026 2323 1038 2344 ,
1057 2292 1170 2348 quod
1184 2304 1326 2348 pater,
1347 2288 1391 2335 G·

113 2368 351 2410 tantundem
369 2369 566 2425 promitto
580 2398 594 2420 ‚
619 2366 861 2418 honoribus,
883 2380 928 2407 uc
950 2366 1204 2407 venerandus
1232 2364 1392 2408 Macri-

114 2456 193 2484 nus
219 2456 340 2499 pater
366 2440 542 2500 praesens
575 2438 762 2501 promifit
780 2471 796 2496 ,
833 2438 1075 2496 duplicatis.
1111 2436 1394 2485 Herodianus
