1637 2785
331 100 1133 150 MAXIMINIDUO.
1341 117 1363 165 ς

95 203 333 268 equitantis
352 206 538 253 acceffit.
557 208 674 252 Tum
701 207 860 253 volens
890 208 1078 255 Severus
1105 207 1338 269 explorare
1355 244 1371 264 ,

95 293 288 342 quantus
321 279 366 325 in
400 281 622 326 currendo
654 280 789 336 efl'et,
822 296 995 343 equum.
1016 281 1187 328 admifit
1217 283 1368 329 multis

93 352 461 407 circuitionibus-3
493 353 541 398 δι
571 368 672 398 cum
709 354 954 413 Imperator
990 351 1219 399 laboraffet
1239 388 1253 412 ‚
1285 369 1368 403 ne-,

92 441 180 488 que
218 425 293 472 ille
330 425 606 478 accurrendo
641 441 718 487 per
746 423 882 469 multa
915 423 1049 484 spatia
1082 426 1280 483 defiffet,
1306 424 1368 472 ait

90 497 159 556 ei,
193 499 316 560 Quid
338 500 403 544 vis
434 499 673 559 Threcisce?
699 499 903 557 numquid
923 498 1090 542 delec'Zat
1111 500 1256 543 luc‘lari
1278 500 1370 563 post

89 571 248 630 curfiam
267 572 293 616 ἓ
316 570 434 616 Tum
463 570 560 626 ille,
590 571 810 631 Quantum
843 570 940 614 libet
977 567 1197 632 (inquit)
1226 573 1366 629 Impe-

89 659 213 689 rator.
244 642 346 690 Post
380 643 469 689 hoc
494 659 549 688 ex
576 658 697 705 equo
724 643 915 688 Severus
948 641 1199 699 descendit,
1219 643 1267 689 δε
1297 659 1364 687 re·

87 716 360 764 centiffimos
390 716 595 778 quosque
622 732 674 762 ac
705 714 967 762 fortiffimos
987 715 1146 762 milites
1172 715 1210 761 ei
1233 731 1363 762 com-

88 788 231 848 parari
255 787 383 849 juffit.
409 801 502 834 tum
530 787 634 843 ille,
662 803 787 833 more
817 786 980 845 solito,
1011 786 1172 847 septem
1208 785 1363 831 fortis-

85 861 217 908 simos
242 879 338 908 uno
362 862 522 908 sudore
548 861 685 919 vicit,
709 861 911 924 solusque
945 862 1146 908 omnium
1171 878 1194 907 a
1221 861 1362 908 Seve-

84 951 168 992 ro,
196 935 296 998 post
321 949 527 1000 argentea
557 937 738 998 praemia
756 970 769 991 ‚
805 949 967 999 torque
996 953 1126 983 aurea
1167 936 1362 983 donatus

83 1009 172 1065 est,
201 1009 423 1073 juffusque
459 1011 576 1057 inter
608 1011 838 1073 stipatores
874 1011 1080 1072 corporis
1113 1009 1281 1072 semper
1313 1010 1362 1055 in

83 1081 179 1127 aula
208 1082 458 1129 consistere.
489 1083 609 1129 Hinc
639 1081 778 1144 igitur
811 1081 944 1128 faftus
973 1081 1237 1143 conspicuus
1255 1117 1269 1138 ‚
1293 1081 1362 1127 in-

82 1168 150 1202 ter
173 1156 334 1203 milites
355 1156 498 1203 clarus
514 1191 527 1213 ‚
549 1157 684 1202 amari
711 1172 734 1201 a
755 1155 969 1201 Tribunis
987 1189 998 1211 ‚
1026 1172 1050 1201 a
1080 1155 1361 1202 commilito-

82 1229 213 1277 nibus
235 1229 419 1291 suspici‚
442 1228 682 1291 impetrare
713 1229 768 1274 ab
794 1230 1089 1290 Imperatore,
1116 1229 1241 1289 quod
1262 1228 1359 1274 vel-

80 1303 174 1360 let,
209 1303 323 1351 locis
356 1302 488 1349 etiam
528 1301 700 1348 militiae
737 1320 761 1348 a
798 1303 970 1348 Severo
1007 1301 1210 1361 adjutus,
1254 1318 1357 1349 cum

79 1378 184 1426 effet
210 1378 571 1441 peradolestens,
591 1377 874 1441 longitudine
904 1390 1049 1423 autem
1082 1377 1288 1438 corporis
1309 1378 1358 1425 &

79 1450 308 1507 vastitate,
336 1453 384 1498 &
400 1450 545 1497 forma
564 1486 578 1507 ‚
603 1463 736 1513 atque
758 1451 999 1498 oculorum
1023 1449 1357 1513 magnitudine,

79 1524 130 1571 &
159 1523 355 1570 candore
383 1539 542 1570 omnes
567 1523 819 1570 excelleret.

156 1595 232 1644 [V.
262 1595 419 1641 Bibiffe
443 1609 590 1641 autem
618 1596 745 1641 illum
772 1596 884 1657 saepe
910 1595 956 1640 in
987 1594 1059 1641 die
1085 1593 1183 1641 vini
1215 1594 1356 1656 Capi-

77 1666 266 1713 tolinam
295 1668 556 1730 amphoram
587 1669 788 1715 constat:
819 1667 1056 1715 comedisse
1090 1669 1139 1715 &
1167 1669 1356 1731 quadra-

75 1740 197 1803 ginta
227 1741 360 1787 libras
392 1740 568 1796 carnis3
601 1753 651 1787 ut
681 1753 829 1789 autem
858 1741 1038 1788 Cordus
1067 1740 1201 1798 dicit,
1222 1741 1355 1788 etiam

76 1812 470 1875 sexaginta.Quod
488 1812 587 1860 satis
606 1814 804 1873 constat,
822 1814 1020 1861 oleribus
1034 1814 1206 1877 ‘semper
1226 1815 1356 1861 absti-

79 1886 197 1933 nuit:
216 1903 240 1932 a
259 1885 428 1949 frigidis
449 1903 594 1949 prope
623 1886 819 1949 semper,
847 1887 924 1933 nifi
947 1903 1048 1934 cum
1068 1886 1136 1932 illi
1166 1887 1354 1949 potandi

78 1958 307 2006 neceffitas
340 1957 456 2006 esset.
485 1959 679 2006 Sudores
706 1959 818 2023 saepe
847 1959 948 2005 suos
977 1959 1226 2021 excipiebat
1251 1995 1268 2016 ,
1303 1961 1355 2007 δε

77 2031 126 2077 in
151 2031 339 2090 calices,
367 2032 440 2079 vel
473 2032 526 2078 in*
559 2032 784 2080 vasculum
818 2032 1048 2091 mittebat,
1070 2033 1129 2080 ita
1161 2047 1211 2080 ut
1239 2034 1359 2079 duos

78 2105 155 2151 vel
177 2118 265 2150 tres
286 2103 498 2153 sextarios
518 2105 582 2152 sui
602 2106 775 2153 sudoris
792 2105 1056 2153 ostenderet.
1076 2107 1163 2153 Hic
1183 2105 1258 2152 diu
1276 2106 1358 2152 sub

77 2178 318 2224 Antonino
348 2179 580 2226 Caracallo
604 2180 787 2228 ordines
805 2179 958 2237 duxit,
979 2179 1280 2235 centuriatus,
1304 2181 1358 2227 δε

77 2263 240 2299 ceteras
266 2251 478 2300 militares
506 2253 738 2318 dignitates
764 2253 877 2316 saepe
896 2252 1114 2300 tractavit.
1141 2251 1232 2299 Sub
1255 2254 1354 2299 Ma-

75 2324 208 2370 crino
242 2322 403 2387 (quod
431 2341 555 2383 eum,
586 2326 661 2389 qui
694 2326 978 2388 Imperatoris
1002 2325 1065 2371 sui
1098 2324 1240 2371 filium
1268 2341 1353 2372 oc-

75 2394 268 2455 ciderat,
294 2395 582 2445 vehementer
613 2398 799 2462 odisset)
823 2415 848 2446 a
875 2397 1033 2445 militia
1057 2396 1207 2455 desiit,
1233 2399 1283 2446 &
1306 2397 1355 2444 in

996 2470 1034 2514 Α
1076 2485 1098 2530 3
