1714 2807
302 186 393 229 204
514 170 742 217 AELII
809 170 1383 217 SPARTtANl

299 273 541 337 quidquam
584 272 777 335 cuipiam
815 273 947 320 dedit.
989 274 1090 321 Post
1128 275 1376 322 Parthicum
1411 275 1575 322 bellum

298 363 422 409 pater
452 364 551 393 cum
583 348 752 411 ingenti
787 347 930 410 gloria
966 348 1171 406 floreret,
1201 348 1402 394 ssaffiano
1437 348 1576 410 parti-

297 419 397 480 cipe
416 419 590 499 imperii
610 420 862 482 appellatO,
878 421 991 466 Geta
1013 436 1196 483 quoqne
1214 420 1397 467 Caesaris
1413 422 1462 467 &
1485 423 1575 467 An·

298 491 476 546 tonini,
511 504 558 537 ut
585 492 765 553 quidam
803 494 987 550 dicunt,
1024 510 1190 540 nomen
1219 495 1402 556 accepit.
1434 495 1575 540 Fami-

294 565 401 612 liare
423 565 486 611 illi
509 565 592 612 fuit
616 567 692 613 bas
716 567 984 629 quaestiones
1005 567 1317 613 Grammaticis
1340 583 1576 629 propone-

295 654 374 694 re,
403 654 450 683 ut
477 639 698 696 dicerent,
726 639 891 702 singula
915 639 1121 686 animalia
1151 656 1236 702 quc
1249 642 1387 685 modo
1413 656 1577 687 vocem

295 711 575 768 emitterent,
599 711 753 767 velut,
786 715 908 774 Agm'
937 717 1107 765 balant,
1132 717 1300 773 porcelli
1320 718 1576 776 grunniunt,

287 788 501 845 palumbes
541 786 820 841 mirandum,
859 786 946 849 urst
970 788 1183 846 saeviunt,
1222 790 1351 832 leones
1387 791 1578 848 rugiunt,

293 861 475 918 leopardi
514 858 686 912 riflum,
724 862 928 918 elephanti
967 863 1177 917 barriunt,
1218 880 1325 906 ratzae
1362 878 1577 918 coaxant,

293 933 386 991 equi
424 933 652 988 hinniunt,
685 932 794 994 asini
824 935 999 989 rudunt,
1031 937 1141 978 tauri
1171 937 1386 994 mugiunt,
1419 933 1577 996 easque

293 1006 347 1049 de
384 1004 608 1051 veteribus
649 1006 910 1065 approbare.
942 1006 1091 1052 Sereni
1130 1006 1403 1053 Sammonici
1438 1007 1578 1054 libros

293 1076 648 1123 familiariffimos
669 1078 823 1123 habuit
839 1116 849 1131 ,
873 1095 988 1140 ques
1011 1079 1081 1124 ille
1096 1080 1149 1125 ad
1171 1080 1451 1125 Antoninum
1474 1079 1578 1126 scri·

293 1148 391 1211 psit.
418 1149 620 1195 Habebat
647 1150 780 1195 etiam
816 1150 936 1194 istam
967 1150 1365 1204 consuetudinem,
1393 1164 1440 1197 ut
1465 1168 1578 1198 con·

290 1222 442 1279 vivia,
473 1225 519 1268 ὅ(
555 1223 747 1269 maxime
777 1224 958 1284 prandia
979 1260 990 1274 ‚
1022 1241 1099 1285 per
1128 1223 1312 1286 singulas
1339 1224 1483 1271 literas
1511 1224 1577 1284 ju-

291 1294 441 1351 beret,
473 1295 713 1342 scientibus
751 1295 911 1341 servis:
942 1296 1064 1342 velut
1096 1296 1140 1341 in
1180 1313 1273 1358 quo
1309 1310 1400 1343 erat
1424 1297 1576 1354 anser,

291 1382 516 1429 aprugna,
547 1384 675 1422 anas,
708 1368 812 1414 item
852 1369 1021 1429 pullus,
1054 1369 1232 1430 perdix,
1265 1386 1435 1431 pavus,
1464 1386 1577 1432 por-

292 1439 456 1496 cellus,
476 1440 603 1502 piscis
618 1477 631 1497 ‚
651 1458 785 1502 perna
801 1478 813 1498 ‚
835 1444 882 1490 &
910 1460 1008 1506 quae
1027 1444 1072 1488 in
1101 1460 1196 1488 eam
1225 1444 1392 1490 literam
1414 1460 1576 1506 genera

290 1513 488 1560 edulium
519 1516 814 1571 caderent3&
843 1517 946 1563 item
978 1516 1186 1573 fasianus,
1209 1516 1347 1574 farta,
1368 1516 1503 1574 ficus,
1525 1520 1575 1566 &

290 1587 409 1633 talia.
435 1588 587 1646 Quare
615 1588 756 1634 comis
777 1589 908 1636 etiam
932 1591 1177 1636 habebatur
1202 1590 1247 1635 in
1269 1589 1577 1639 adolescentia.

356 1661 431 1704 VI.
450 1659 618 1706 Occiso
637 1677 710 1718 eo,
725 1678 823 1723 pars
839 1663 1046 1719 rnilitum,
1064 1680 1163 1725 quae
1182 1663 1443 1725 incorrupta
1463 1676 1576 1720 erat,

288 1731 577 1793 parricidium
607 1734 834 1795 aegerrime
869 1735 1071 1796 accepit,
1102 1734 1352 1782 dicentibus
1382 1734 1579 1792 cun-fiis,

289 1804 469 1851 duobus
495 1806 535 1852 se
560 1806 707 1853 liberis
736 1805 867 1854 fidem
895 1807 1165 1869 promisisse,
1191 1807 1369 1854 duobus
1396 1806 1574 1854 servare

289 1877 477 1924 debere:
519 1879 757 1941 clausisque
800 1880 941 1942 portis
985 1880 1060 1926 diu
1098 1897 1192 1926 non
1229 1880 1288 1927 est
1327 1883 1575 1943 Imperator

288 1949 508 1997 admiffus.
543 1951 755 2015 Denique
785 1953 864 1998 nis1
891 1953 1083 2016 querelis
1111 1953 1165 2000 de
1195 1955 1309 2000 Geta
1335 1954 1488 2010 editis,
1522 1955 1574 2002 &

288 2021 448 2069 animis
478 2023 669 2071 militurn
705 2024 924 2079 delinitis,
954 2026 1213 2073 enormibus
1244 2026 1377 2073 etiam
1408 2025 1575 2088 stipen-

287 2094 372 2141 diis
414 2095 559 2150 datis,
599 2096 792 2142 Romam
827 2097 1046 2144 Baffianus
1095 2098 1236 2144 redire
1273 2115 1367 2145 non
1405 2098 1574 2161 potuit.

289 2166 392 2213 Post
417 2167 511 2214 haec
537 2167 733 2230 denique
758 2169 805 2215 &
834 2169 1098 2230 Papinianus
1116 2205 1128 2227 ‚
1159 2172 1207 2218 δέ
1240 2170 1368 2217 multi
1395 2171 1468 2216 alii
1501 2170 1571 2216 in·

287 2240 464 2286 teremti
490 2239 609 2297 sunt,
637 2240 713 2302 qui
738 2240 810 2287 vel
838 2241 1097 2288 concordiae
1126 2241 1354 2301 faverant,
1385 2243 1460 2288 vel
1488 2240 1571 2306 qui

286 2312 477 2373 partium
513 2314 641 2359 Getae
662 2312 836 2359 fuerant
852 2349 865 2371 ,
890 2314 948 2360 ita
973 2329 1018 2361 ut
1041 2314 1267 2377 utriusque
1296 2314 1467 2361 ordinis
1494 2314 1569 2360 vi-

289 2383 326 2429 ri
350 2384 398 2431 &
429 2384 474 2430 in
502 2385 666 2440 balneo
702 2399 958 2445 coenantes,
991 2389 1039 2434 &
1066 2387 1112 2432 in
1152 2386 1337 2449 publico
1365 2398 1568 2448 percute-

288 2471 473 2517 rentur,
503 2460 772 2524 Papinianus
805 2461 897 2527 ipse
932 2461 1072 2514 securi
1105 2462 1332 2528 percuss‘us
1370 2461 1448 2524 fit,
1483 2460 1570 2516 im-⁴
