1714 2807
295 131 324 178 s
554 118 768 201 sumt
822 132 1341 180 CAPtTOLlNI

291 237 438 301 digito
459 237 685 284 videretur
710 238 926 301 egreffus:
949 240 1118 302 pollice
1140 241 1200 287 ita
1222 240 1379 298 vasto,
1395 253 1446 287 ut
1464 257 1580 288 uxo·

290 312 354 358 ris
384 312 710 360 dextrocherio
734 320 933 360 uteretur
960 330 1045 376 pro
1075 315 1228 361 anulo.
1255 316 1347 360 Jam
1377 314 1451 360 illa
1475 330 1582 376 pro-

289 400 348 446 pe
368 383 413 430 in
441 385 565 448 vulgi
586 401 664 432 ore
685 385 784 432 sunt
814 385 954 448 polita
970 422 982 443 ‚
1003 388 1128 450 quod
1153 388 1355 434 hamaxas
1375 389 1583 434 manibus

293 458 556 516 attraheret,
587 459 766 505 rhedam
804 459 1007 506 onustam
1037 460 1154 506 solus
1184 474 1424 516 moveret,
1461 476 1581 522 equo

291 528 325 575 si
345 547 545 594 pugnum
566 532 774 588 dedisset,
796 534 949 581 dentes
973 533 1195 590 solveret,
1217 534 1247 580 st
1266 536 1458 591 calcem,
1484 551 1584 581 cru·

292 620 340 650 ra
368 604 616 668 frangeret,
646 605 812 666 lapides
832 606 1073 668 'tophicios
1105 606 1284 665 friaret,
1310 608 1491 655 arbores
1519 619 1581 653 te-

292 679 495 724 neriores
537 679 793 733 scinderet3
831 680 905 726 alii
938 680 1130 741 denique
1163 697 1265 727 eum
1307 685 1582 728 Crotoniatem

292 753 529 809 Milonem,
559 753 632 799 alii
662 753 898 809 Herculem,
930 758 1130 800 Antaeum
1152 753 1227 800 alii
1253 768 1489 801 vocarent.

376 827 474 872 Vll.
508 826 587 874 His
621 827 751 873 rebus
789 827 1086 889 conspicuum
1118 827 1264 874 virum
1298 827 1579 885 Alexander,

292 915 560 962 magnorum
600 900 862 945 meritorum
899 899 1059 960 judex,
1099 900 1145 946 in
1180 900 1300 947 suam
1335 900 1582 962 perniciem

293 974 420 1019 omni
446 972 660 1021 exercitui
692 972 919 1034 praefecit,
951 974 1246 1038 gaudentibus
1276 974 1444 1021 cunctis
1477 973 1575 1020 ubi-

291 1062 380 1107 que
408 1046 627 1103 tribunis,
664 1046 877 1103 ducibus,
913 1048 962 1094 ὅ(
999 1047 1228 1094 militibus.
1259 1046 1471 1110 Denique
1505 1058 1577 1093 το-Δ

291 1131 386 1165 tum
419 1118 515 1178 ejus
543 1118 821 1176 exercitum,
857 1119 930 1180 qui
966 1119 1044 1165 sub
1082 1117 1381 1183 Heliogabalo
1421 1135 1581 1182 magna

293 1206 351 1236 ex
375 1204 498 1252 parte
524 1203 779 1251 torpuerat,
806 1190 858 1236 ad
889 1190 1005 1237 suam
1037 1192 1272 1238 militarem
1300 1190 1579 1252 disciplinam

290 1261 490 1309 retraxit.
511 1262 635 1323 quod
658 1262 947 1318 Alexandro,
968 1276 1016 1309 ut
1040 1262 1258 1318 diximus,
1279 1262 1459 1325 optimo
1481 1264 1577 1326 qui·

293 1335 393 1380 dem
433 1333 725 1395 Imperatori,
757 1333 829 1379 sed
858 1346 1006 1380 tamen
1045 1332 1172 1393 cujus
1207 1348 1307 1380 aetas
1349 1335 1416 1380 ab.
1446 1334 1580 1381 initio

293 1407 527 1453 contemni
558 1407 783 1469 potuerit,
807 1406 1112 1470 gravissimum
1139 1406 1236 1453 fuit.
1261 1407 1373 1453 Nam
1403 1424 1503 1454 cum
1531 1408 1580 1454 in

294 1478 444 1525 Gallia
475 1478 611 1536 effet,
636 1479 686 1526 &
714 1495 809 1524 non
841 1478 976 1543 longe
1004 1478 1059 1524 ab
1086 1480 1192 1524 urbe
1221 1481 1409 1540 quadam
1440 1479 1580 1524 castra

293 1551 531 1615 posuisset,
559 1551 708 1597 subito
737 1550 936 1598 immiffis
959 1551 1206 1608 militibus,
1232 1563 1279 1596 ut
1303 1550 1480 1612 quidam
1508 1552 1577 1596 di·

293 1637 429 1681 cunt,
458 1625 513 1671 ab
538 1623 662 1686 ipso,
692 1636 740 1668 ut
768 1622 874 1679 alii,
903 1639 929 1669 a
961 1623 1155 1670 tribunis
1190 1622 1414 1677 barbaris,
1441 1623 1579 1668 Alex-

289 1699 429 1745 ander
459 1698 513 1744 ad
540 1711 723 1744 matrem
755 1696 928 1760 fugiens
963 1697 1224 1744 interemtus
1252 1695 1340 1752 est,
1370 1695 1579 1743 Maximi-

290 1788 355 1818 no
386 1770 474 1831 jam
512 1773 785 1833 Imperatore
819 1770 1060 1833 appellato.
1097 1772 1150 1817 Et
1184 1770 1355 1817 causam
1396 1769 1577 1832 quidem

292 1844 536 1891 Alexandri
557 1844 844 1890 interimendi
871 1843 945 1890 alii
970 1844 1101 1890 aliam
1127 1843 1250 1889 fuiffe
1272 1843 1437 1890 dicunt.
1463 1844 1578 1902 Qui·

291 1917 392 1962 dam
423 1916 541 1962 enim
573 1918 852 1962 Mammaeam
891 1917 1047 1963 dicunt
1077 1916 1303 1962 auctorem
1335 1915 1489 1972 fuisse,
1528 1928 1579 1962 ut

292 1988 433 2047 filius,
454 1989 627 2035 deserto
658 1988 779 2035 bello
802 1990 1107 2047 Germanico,
1127 1988 1360 2036 Orientem
1384 2001 1579 2049 peteret,

289 2074 426 2124 atque
457 2061 560 2108 ideo
592 2060 755 2107 milites
793 2062 839 2108 in
871 2061 1140 2108 seditionem
1171 2060 1432 2123 prorupisse.
1457 2061 1577 2121 Qui-

289 2136 420 2191 dam,
453 2134 577 2196 quod
614 2134 687 2179 ille
724 2134 856 2181 nimis
898 2134 1073 2182 severus
1111 2134 1238 2192 esset,
1275 2135 1324 2182 &
1369 2134 1579 2180 voluisset

290 2209 353 2257 ita
383 2209 428 2256 in
460 2209 607 2256 Gallia
640 2208 838 2271 legiones
871 2211 1163 2256 exauctorare
1184 2243 1199 2267 ,
1229 2222 1277 2254 ut
1315 2209 1574 2254 exauctora-

289 2296 418 2331 verat
440 2283 485 2329 in
513 2283 717 2330 Oriente.

356 2360 473 2404 Vffl.
492 2357 575 2404 Sed
596 2355 751 2405 occiso
778 2355 1039 2404 Alexandro
1057 2391 1068 2411 ‚
1089 2355 1361 2402 Maximinus
1381 2353 1573 2415 primum

291 2445 315 2477 e
340 2445 536 2493 corpote
567 2430 775 2490 militari,
807 2432 855 2479 &
893 2430 1094 2478 nondum
1130 2430 1345 2488 Senator,
1376 2427 1465 2476 sine
1495 2426 1573 2473 de·
