1714 2807
1266 2 1275 20 ἱ

303 164 334 205 4
584 145 782 191 JULII
833 144 1315 191 CAPITOLINI

302 251 479 297 dicitur.
505 252 588 297 Sed
606 251 700 298 haec
722 249 902 296 nomina
926 251 1198 298 Maximinus
1223 251 1376 312 primis
1397 263 1573 316 tempo·

301 325 422 372 ribus
446 323 534 386 ipse
558 324 783 384 prodidit:
809 324 954 384 postea
988 339 1099 370 vero
1117 360 1129 382 ,
1159 325 1234 370 ubi
1253 326 1305 371 ad
1337 325 1571 387 imperium

300 398 458 454 venit,
487 397 633 444 occuli
661 396 869 458 praecepit
887 433 899 453 ,
926 414 980 443 ne
1007 410 1197 460 utroque
1217 411 1395 460 parente
1416 400 1574 449 barba-

302 485 357 515 ro
386 467 557 531 genitus
585 469 830 528 Imperator
853 466 936 513 effe
968 467 1209 514 videretur.

366 541 418 585 Il.
435 539 489 585 Et
515 540 560 585 in
583 539 720 602 prima
749 539 927 600 quidem
951 540 1137 599 pueritia
1156 540 1240 586 fuit
1261 541 1434 602 pastor,
1454 559 1574 588 non-

301 627 528 673 nunquam
559 626 720 671 procer
742 645 753 662 ,
790 609 865 671 qui
902 609 1145 656 latronibus
1187 612 1492 670 insidiaretur,
1525 616 1575 660 &

298 682 405 730 suos
435 686 487 727 ab
511 679 841 728 incursionibus
871 680 1130 728 vindicaret.
1159 684 1303 729 Prima
1327 684 1537 746 stipendia
1559 721 1572 743 ‚
1642 718 1646 722 ·

298 755 516 817 equestria
551 753 655 800 huic
690 752 825 799 fuere.
859 766 950 798 erat
988 753 1105 799 enim
1139 756 1439 817 magnitudine
1472 773 1575 803 cor-

301 829 425 891 poris
454 826 748 888 conspicuus‚
777 825 943 871 virtute
973 825 1087 872 inter
1117 843 1272 873 omnes
1302 827 1460 874 milites
1485 827 1576 874 cla-

301 917 408 958 rus,
440 900 583 946 forma
617 898 738 944 virili
768 898 985 956 decorus,
1016 897 1133 944 ferus
1159 898 1385 955 moribus,
1417 899 1540 962 asper
1560 935 1575 959 ,

300 975 538 1036 superbus,
566 983 850 1024 contemtor,
882 969 992 1032 saepe
1029 983 1174 1016 tamen
1208 968 1360 1031 justus.
1391 973 1574 1020 Innote-

301 1046 449 1093 scendi
481 1045 557 1090 sub
585 1046 754 1090 Severo
781 1045 1048 1104 Imperatore
1078 1043 1214 1105 prima
1239 1043 1336 1089 haec
1365 1042 1450 1089 fuit
1470 1060 1577 1090 cau-

301 1120 360 1167 sa.
391 1119 538 1166 Natali
581 1119 734 1172 Getae,
773 1116 851 1162 filii
883 1117 1104 1174 minoris,
1141 1118 1328 1164 Severus
1368 1117 1576 1165 militares

302 1196 431 1241 dabat
458 1194 615 1250 ludos,
649 1191 889 1254 propositis
923 1190 1112 1252 praemiis
1143 1191 1361 1254 argenteis
1382 1227 1395 1248 ‚
1419 1190 1465 1238 id
1489 1191 1576 1250 est,

303 1267 489 1314 armillis
511 1303 522 1321 ‚
554 1265 789 1329 torquibus
821 1266 870 1312 &
900 1264 1118 1311 balteolis.
1147 1264 1218 1310 hic
1250 1263 1506 1312 adolescens
1526 1265 1577 1312 &

302 1339 648 1393 semibarbarus,
667 1342 713 1385 &
739 1338 818 1384 vix
852 1337 995 1383 adhuc
1028 1336 1194 1383 Latinae
1219 1337 1403 1399 linguae,
1432 1353 1575 1399 prope

301 1412 883 1474 Threcica,1mperatorem
913 1410 1089 1472 publice
1121 1409 1280 1472 petiit,
1303 1422 1350 1456 ut
1385 1409 1464 1456 fibi
1495 1412 1574 1457 da-

303 1498 371 1532 ret
386 1484 612 1532 licentiam
637 1483 938 1532 contendendi
955 1501 1059 1531 cum
1079 1483 1149 1541 iis,
1170 1483 1246 1545 qui
1263 1482 1348 1543 jam
1370 1500 1463 1530 non
1481 1501 1573 1530 me·

303 1559 451 1606 diocri
476 1559 584 1606 loco
612 1559 869 1606 militarent.
894 1557 1248 1620 Magnitudinem
1270 1556 1476 1619 corporis
1497 1559 1576 1604 Se«

301 1647 439 1678 verus
471 1631 676 1688 miratus,
697 1630 886 1693 primum
915 1647 1013 1676 eum
1034 1646 1133 1677 cum
1163 1628 1266 1674 lixis
1295 1629 1575 1691 composuit,

302 1703 373 1750 sed
401 1703 642 1749 fortiffiniis
666 1703 911 1764 quibusque
928 1739 941 1761 ‚
963 1720 1016 1749 ne
1046 1702 1320 1764 disciplinam
1341 1701 1573 1750 militarem

303 1790 627 1838 corrumperet.
657 1777 789 1824 Tunc
817 1776 1090 1822 Maximinus
1123 1775 1308 1823 sedecim
1340 1776 1447 1823 lixas
1478 1794 1573 1825 uno

302 1851 460 1898 sudore
491 1850 682 1907 devicit,
711 1850 898 1897 sedecim
925 1850 1115 1913 acceptis
1139 1850 1329 1911 praemiis
1352 1850 1573 1899 minuscu-

302 1924 384 1982 lis,
415 1941 508 1970 non
532 1924 822 1979 militaribus,
849 1924 1065 1988 jussusque
1093 1924 1295 1971 militare.

368 1999 438 2043 ΙΙΙ.
464 1997 615 2042 Tertia
643 1996 757 2043 forte
787 1997 857 2043 die
883 2015 983 2044 curn
1018 1996 1283 2059 procesiiffet
1301 1997 1491 2042 Severus
1519 1996 1572 2043 ad

303 2085 511 2130 campum
535 2105 549 2125 ,
588 2068 635 2113 in
674 2070 800 2115 turha
844 2069 1133 2115 exsultantem
1172 2085 1297 2115 more
1339 2067 1571 2116 barbarico

302 2143 601 2189 Maximinum
624 2143 734 2190 vidit
750 2179 762 2198 ‚
777 2143 982 2206 jussitque
1002 2144 1143 2191 statim
1156 2144 1380 2201 Tribuno‚
1402 2160 1450 2194 ut
1469 2160 1570 2190 euni

302 2231 558 2275 coerceret,
590 2236 640 2264 ac
679 2219 881 2265 Romana
914 2219 1138 2281 disciplina
1177 2219 1407 2265 imbueret.
1438 2219 1570 2265 Tunc

303 2289 412 2345 ille,
450 2289 526 2336 ubi
558 2291 610 2336 de
649 2291 689 2336 se
726 2290 944 2337 intellexit
981 2295 1296 2354 Imperatorem
1332 2291 1534 2338 locutum
1556 2326 1568 2346 ‚

305 2360 542 2422 suspicatus
572 2362 812 2417 Barbarus,
836 2365 885 2410 &
913 2375 1070 2409 notum
1093 2362 1134 2408 se
1164 2363 1246 2410 effe
1275 2361 1497 2423 principi,
1520 2364 1571 2409 a&

299 2432 418 2482 inter
461 2435 630 2484 multos
665 2435 957 2500 conspicuum
978 2472 994 2498 ,
1028 2437 1082 2485 ad
1115 2437 1248 2501 pedes
1290 2434 1572 2500 Imperatoris
