1714 2807
312 155 406 204 226
526 150 1391 199 AELIILAMPRIDII

308 256 631 306 de·videretur
657 252 853 319 adjungi.
883 253 1048 302 Versus
1079 254 1127 303 in
1149 256 1454 304 Commodum
1490 260 1588 304 An·

307 330 524 378 toninum,
541 328 681 375 disti:

369 405 620 450 Commodus
643 404 884 449 Herculeum
902 420 1051 450 nomen
1073 405 1213 449 habere
1233 405 1344 465 cupit
1357 438 1373 462 ,

368 480 688 526 Antoninorum
708 496 792 523 non
805 493 932 538 putat
949 476 1023 540 effi
1041 480 1195 523 bonurn
1208 497 1219 521 .·

367 555 536 612 Expers
553 553 728 596 humani
734 551 850 608 juris
869 549 912 597 fr
931 553 1116 610 imperii,

367 628 550 684 Sperans
571 624 672 684 quin
696 625 818 668 eciam
839 624 987 668 clarius
1007 621 1085 683 effe
1105 624 1248 667 Deum
1263 656 1279 679 ‚

370 697 514 757 Quam
520 695 568 757 si
567 695 631 760 stt
650 699 850 755 Princeps
867 697 1051 740 nominis
1068 698 1243 756 egregii:

365 770 472 814 Non
493 770 567 813 erit
588 767 656 832 iste
680 768 804 811 Deus
818 801 831 822 ,
851 784 923 811 nec
940 781 1077 810 tamen
1097 769 1206 811 ullus
1223 768 1358 813 homo.

298 841 358 888 Hi
383 840 554 896 versus,
578 856 601 885 a
623 840 787 885 Graeco
811 836 962 884 nescio
991 852 1084 899 quo
1114 837 1354 900 compositi
1373 872 1386 894 ‚
1407 853 1429 883 a
1460 838 1580 885 malo

300 928 436 975 poeta
461 912 507 958 in
541 911 747 958 Latinum
777 909 976 957 translati
1006 910 1129 956 sunt:
1155 926 1270 972 quos
1295 926 1379 973 ego
1407 909 1581 957 idcirco

296 984 556 1032 inserendos
602 982 790 1045 putavi,
825 994 875 1028 ut
912 981 1071 1028 scirent
1108 998 1287 1040 omnes,
1321 983 1580 1029 Antoninos

295 1056 433 1120 pluris
448 1055 601 1113 fuiffe,
619 1072 751 1118 quam
772 1055 899 1102 Deos
917 1089 931 1111 ‚
952 1071 1003 1101 ac
1023 1054 1156 1100 trium
1179 1054 1429 1116 Principum
1454 1070 1596 1114 amo-⁴

293 1147 387 1176 rem
404 1165 417 1186 ,
442 1145 537 1191 quo
566 1126 774 1190 sapientia
794 1163 805 1181 ,
829 1126 1036 1183 bonitas,
1063 1126 1202 1188 pietas
1221 1127 1473 1172 consecrata
1497 1127 1578 1182 sit';

293 1202 340 1248 in
368 1200 643 1248 Anotonino
673 1199 836 1259 pietas,
870 1199 916 1244 in
953 1200 1076 1242 Vero
1114 1197 1315 1254 bonitas,
1343 1197 1387 1242 in
1417 1200 1575 1246 Marco

293 1272 520 1334 sapientia.
545 1271 700 1317 Redeo
726 1286 844 1316 nunc
868 1270 923 1315 ad
947 1269 1177 1330 epistolam
1203 1269 1345 1329 Opilii
1370 1272 1578 1319 Macrini.

297 1347 472 1406 Opilius
507 1346 727 1390 Macrinus
762 1343 916 1388 Noniae
950 1344 1068 1402 Celsle
1100 1343 1284 1404 conjugi.
1329 1345 1450 1404 Quid
1475 1346 1574 1390 boni

291 1422 428 1478 adepti
441 1419 593 1479 simius
611 1452 623 1473 ‚
647 1435 736 1462 mea
759 1435 892 1472 uxor,
914 1432 1021 1461 caret
1051 1416 1325 1480 aestimatione.
1353 1414 1395 1461 δ’
1409 1415 1575 1476 fortas-

279 1491 348 1555 sis
376 1494 422 1535 de
451 1491 617 1549 imperio
650 1507 709 1533 me
736 1503 857 1547 putes
890 1491 1047 1533 dicere:
1078 1505 1165 1532 non
1201 1506 1395 1549 magnum
1429 1489 1571 1546 istud,

290 1567 405 1623 quod
424 1566 546 1608 etiam
578 1563 765 1623 indignis
786 1561 965 1619 fortuna
994 1560 1185 1621 conccffi't.
1214 1563 1431 1607 Antonini
1454 1579 1575 1621 pater

281 1637 556 1695 fizflussum.
591 1637 809 1680 Antonini
842 1651 971 1679 mater
995 1651 1034 1679 es
1052 1633 1188 1690 fizft'a.
1225 1635 1265 1679 O
1299 1652 1375 1679 nos
1402 1637 1572 1692 beatos,

292 1730 318 1757 o
343 1710 611 1768 fortunatam
645 1711 809 1753 domum
833 1741 848 1762 ‚
873 1710 1115 1767 praeclaram
1145 1710 1308 1752 laudem
1351 1726 1461 1753 nunc
1495 1712 1570 1754 dc·

293 1800 402 1827 mum
419 1781 561 1839 felicis
585 1780 762 1840 imperii.
785 1780 873 1823 Dii
881 1777 1063 1836 finiat,
1090 1774 1131 1822 ὃ*
1155 1779 1261 1822 bona
1280 1780 1422 1832 Juno,
1445 1796 1568 1838 quam

291 1855 424 1904 coltsts
446 1868 492 1898 ut
523 1851 564 1898 δ’
592 1855 660 1896 ille
690 1853 908 1896 Antonini
942 1852 1130 1895 metitum
1164 1851 1362 1913 effingam
1395 1849 1436 1895 δ’
1469 1868 1573 1912 εςο,

288 1929 360 1988 qui
370 1928 469 1986 sitm
487 1941 608 1986 pater
624 1927 861 1980 Antontni,
881 1926 1034 1985 dignus
1057 1926 1248 1969 omnibus
1275 1927 1429 1970 videar.

356 2001 469 2044 Vin.
499 1999 607 2043 Haec
637 1996 824 2058 epistola
845 1959 1037 2052 indicat,
1055 2007 1268 2056 quantum
1291 1995 1446 2056 gloriae
1466 1995 1569 2042 ade-

288 2083 390 2134 ptus
416 2069 493 2115 fibi
525 2069 777 2124 videretur,
799 2069 925 2130 quod
959 2080 1147 2113 vocatus
1183 2067 1243 2113 est
1267 2066 1385 2114 filius
1415 2070 1566 2114 Anto-

283 2145 432 2193 ninus.
459 2144 545 2189 Hic
573 2157 721 2190 tamen
744 2141 1089 2203 quartodecimo
1116 2141 1262 2187 mense
1299 2141 1473 2202 imperii
1503 2143 1566 2187 ob

284 2218 519 2266 incivilem
544 2216 677 2277 patris
695 2228 825 2277 atque
844 2214 1041 2276 asperum
1059 2214 1357 2276 principatum
1379 2214 1564 2261 interfe-

284 2293 378 2338 &ns
395 2291 455 2336 est
477 2308 579 2336 cum
600 2304 745 2351 patre,
765 2304 859 2333 non
877 2288 956 2333 suo
975 2288 1173 2333 nomine.
1192 2286 1414 2346 Quamvis
1431 2286 1564 2332 etiam

285 2363 414 2409 istum
443 2363 559 2408 ultra
586 2375 758 2407 aetatem
785 2359 950 2405 saeviffe
979 2359 1024 2404 in
1055 2361 1289 2422 plerolque
1318 2359 1562 2421 reperiam,

281 2450 332 2487 ‚ut
361 2437 526 2484 docent
554 2435 692 2482 litera:
721 2434 774 2480 ab
806 2434 896 2481 hoc
926 2434 1086 2480 eodem
1122 2433 1177 2480 ad
1208 2446 1378 2496 patrem
1411 2431 1562 2478 miffae.
