1714 2807
284 161 378 207 250
500 144 1370 196 AELIILAMPRIDtt

281 249 341 294 do
374 247 427 294 de
461 246 651 295 lactariis
686 249 961 299 exhiberent.
986 252 1201 299 Exhibuit
1233 254 1427 315 parafitis
1459 263 1562 305 coe-³

280 338 358 368 nas
388 323 437 370 δι
466 323 519 369 de
548 323 730 381 vitreis,
760 325 809 371 &
841 341 1166 389 nonnunquam
1196 341 1264 374 tot
1293 328 1403 389 picta
1433 345 1562 376 man-

279 395 374 442 tilia
407 396 450 441 in
484 396 676 444 mensam
709 397 937 455 mittebat,
966 399 1032 445 his
1064 400 1266 447 edulibus
1294 401 1430 461 picta,
1459 417 1561 465 quae

278 482 635 531 apponerentur,
665 483 778 534 quot
814 470 962 516 missus
991 471 1093 517 esset
1128 471 1386 529 habiturus;
1418 472 1474 518 ita
1511 483 1562 518 ut

280 542 337 588 de
374 560 457 590 acu
497 556 573 589 aut
607 544 660 589 de
689 544 833 590 textili
864 545 1027 604 pictura
1066 545 1396 593 exhiberentur.
1425 545 1561 591 Non-

279 632 511 679 nunquam
543 630 689 664 tamen
727 619 776 665 &
812 618 967 662 tabulae
1004 617 1090 663 illis
1120 617 1247 678 pictae
1280 619 1563 667 exhibebam-3

279 704 378 745 tur,
409 691 468 736 ita
503 704 550 737 ut
582 692 701 755 quast
737 690 886 736 omnia
922 689 1008 734 illis
1039 690 1383 747 exhiberentur,
1412 692 1461 736 &
1491 704 1562 736 ta-

214 818 222 827 *
280 777 381 807 men
412 762 524 808 fame
548 776 892 810 macerarentur.
917 763 1093 810 Miscuit
1115 780 1305 826 gemmas
1337 765 1481 825 pomis
1508 780 1562 811 ac

279 832 480 880 floribus.
499 834 605 895 jecit
631 838 678 882 δι
699 852 774 897 per
795 835 1024 881 fenestram
1053 835 1179 882 cibos
1210 836 1397 882 totidem
1414 872 1427 893 ‚
1445 848 1560 899 quot

278 905 481 952 exhibuit
520 907 687 954 amicis.
724 907 904 955 Jufferat
936 909 985 955 ὅ(
1018 925 1237 955 canonem
1275 909 1432 971 populi
1462 910 1564 956 R0-·

279 976 401 1023 mani
430 977 559 1025 unius
582 979 685 1025 anni
719 978 1050 1035 meretricibus,
1077 979 1314 1026 lenonibus
1331 1016 1344 1036 ,
1371 981 1565 1027 exoletis

279 1050 594 1098 intramuranis
616 1052 705 1098 dari
720 1070 733 1109 ;
750 1053 1073 1099 extramuranis
1094 1053 1185 1099 alio
1205 1054 1440 1115 promisso:
1459 1071 1572 1102 cum.

280 1140 339 1170 eo
372 1140 576 1186 tempore
609 1123 731 1185 juxta
766 1126 1075 1188 provisionem
1111 1126 1266 1172 Severi
1293 1128 1342 1173 &
1378 1125 1564 1185 Traiani

278 1197 444 1263 septem
465 1217 685 1247 annorum
705 1219 853 1249 canon
873 1201 1187 1249 frumentarius
1208 1204 1367 1249 Romae
1387 1202 1504 1250 effer.

345 1272 556 1319 XXV111.
584 1274 727 1319 Canes
744 1286 986 1336 quaternos
1007 1274 1203 1338 ingentes
1221 1275 1365 1336 junxit
1386 1277 1439 1322 ad
1457 1286 1566 1323 cur-i

282 1359 406 1402 rum,
430 1345 478 1391 &
507 1344 562 1392 fic
594 1346 654 1391 est
683 1347 878 1393 veclatus
906 1347 1020 1392 intra
1054 1350 1238 1393 domum
1272 1348 1462 1410 regiam:
1491 1348 1564 1393 id·-

282 1430 369 1477 que
395 1416 596 1476 privatus
621 1417 667 1463 in
695 1419 808 1482 agris
837 1419 919 1465 suis
947 1418 1066 1468 fecit.
1096 1420 1309 1467 Proceffit
1332 1421 1377 1466 in
1411 1419 1564 1481 publi-

281 1503 385 1532 cum
422 1491 470 1536 &
504 1502 698 1552 quatuor
729 1493 876 1539 cervis
912 1492 1068 1552 junctis
1105 1492 1374 1554 ingentibus.
1408 1491 1564 1540 Junxit

281 1558 360 1604 fibi
385 1561 436 1608 &
467 1561 647 1621 leones,
672 1566 859 1611 Matrem
888 1582 1091 1629 magnam
1122 1565 1162 1611 se
1191 1565 1429 1627 appellans.
1456 1566 1566 1612 Jun-

281 1632 351 1678 xit
375 1635 425 1681 &
451 1634 608 1698 tigres,
636 1636 844 1684 Liberum
872 1638 956 1685 sese
984 1654 1185 1696 vocans,
1211 1638 1461 1700 eodemque
1484 1638 1566 1685 ha-

283 1705 380 1752 bitu
416 1724 570 1770 agens,
604 1726 698 1772 quo
729 1711 811 1756 Dii
839 1711 1112 1774 pinguntur,
1144 1727 1260 1773 quos
1297 1710 1566 1761 imitabatur.

282 1780 526 1842 AEgyptios
542 1782 844 1830 dracunculos
865 1786 1023 1830 Romae
1043 1783 1225 1841 habuit,
1243 1799 1361 1846 quos
1377 1781 1442 1828 illi
1463 1799 1566 1846 aga-

281 1852 594 1900 thodaemonas
626 1870 807 1903 vocant.
839 1856 1003 1904 Habuit
1024 1857 1475 1918 &hippopotamos‚
1509 1855 1562 1902 &

284 1926 563 1973 crocodilum
579 1964 593 1986 ‚
614 1930 661 1976 &
684 1929 1019 1976 rhinocerotem
1034 1966 1047 1989 ‚
1067 1932 1116 1977 ὅ(
1140 1928 1294 1976 omnia
1320 1927 1530 1991 AEgyptia
1545 1962 1562 1987 ‚

282 2015 384 2060 quae
409 2016 486 2061 per
514 2013 710 2048 naturam
738 2003 800 2049 sui
826 2004 1027 2050 exhiberi
1056 2015 1276 2065 poterant.
1304 2002 1565 2049 struthoca-

283 2071 426 2118 melos
449 2073 657 2121 exhibuit
677 2075 723 2120 in
748 2076 893 2123 coenis
912 2075 1177 2138 aliquoties,
1194 2076 1371 2130 dicens,
1393 2091 1567 2137 praece-

284 2157 410 2205 ptum
443 2146 635 2204 Judaeis‚
663 2160 711 2194 ut
736 2148 930 2194 ederent.
966 2148 1076 2194 Illud
1106 2147 1204 2194 sane
1239 2148 1398 2193 mirum
1433 2147 1567 2193 vide-

283 2229 380 2273 tur,
400 2218 523 2279 quod
548 2218 710 2266 dicitur
735 2220 790 2266 ab
817 2237 873 2267 eo
900 2220 1061 2267 factum
1078 2255 1091 2277 ‚
1118 2232 1166 2266 ut
1191 2221 1244 2266 de
1268 2235 1409 2267 croco
1429 2219 1565 2281 sigma

286 2288 515 2347 straverit,
539 2308 637 2338 cum
660 2292 853 2339 summos
872 2293 996 2341 viros
1019 2293 1207 2357 rogasset
1226 2294 1279 2340 ad
1299 2292 1531 2354 prandium
1547 2326 1565 2350 ,

284 2379 368 2423 pro
385 2379 537 2409 eorum
556 2363 766 2428 dignitate
785 2366 937 2413 dicens
958 2366 998 2412 se
1016 2365 1190 2412 foenum
1207 2366 1433 2432 exhibere.
1449 2367 1564 2412 Tra-

285 2432 389 2494 jecit
417 2437 465 2483 &
486 2435 658 2485 dierum
692 2438 809 2486 actus
842 2437 1049 2486 nosstibus
1068 2473 1083 2501 ‚
1110 2439 1160 2488 &
1180 2438 1428 2488 noClurnos
1465 2434 1564 2484 die-
