1714 2807
319 165 408 214 170
541 150 904 198 FLAvtt
973 126 1412 201 vopisci

311 258 460 306 Multa
487 256 535 305 in
557 257 716 305 itinere
747 274 799 306 ac
831 275 990 322 magna
1017 258 1241 307 bellorum
1267 276 1430 325 genera
1453 259 1633 330 conse-4

310 335 389 383 cit.
404 333 567 380 namin
581 332 793 381 Thraciis
812 333 916 381 &in
932 333 1122 399 Illyrico
1143 348 1436 383 occurrentes
1454 336 1609 386 barba-

310 424 389 455 ros
415 407 547 454 vicit:
569 407 835 454 Gothorum
856 406 963 470 quin
983 408 1115 455 etiam
1135 409 1293 456 ducem
1316 409 1611 469 Cannabam,

312 480 405 527 five
440 479 816 537 Cannabaudem,
846 495 947 527 cum
985 480 1190 544 quinque
1226 481 1424 528 millibus
1456 482 1612 529 homi-

311 572 419 602 num
443 567 559 600 trans
578 553 843 600 Danubium
863 552 1103 600 interemit.
1130 558 1280 616 Atque
1295 555 1399 602 inde
1419 573 1497 618 per
1517 556 1610 621 By·

312 628 508 675 zantium
529 627 574 672 in
602 627 863 691 Bithyniam
890 627 1119 673 transitum
1146 626 1277 685 fecit,
1298 645 1483 691 eamque
1509 630 1626 678 nul-,2

312 704 361 750 lo
394 703 636 751 certamine
667 702 883 748 obtinuit.
923 702 1066 747 Multa
1103 700 1197 761 ejus
1228 719 1381 765 magna
1416 705 1465 751 ὃ(
1491 722 1610 766 prae·

312 778 458 836 clara,
490 789 580 824 tam
619 776 760 831 facta,
795 791 928 837 quam
957 774 1070 820 dicta
1103 774 1229 820 sunt:
1261 774 1333 821 sed
1372 776 1524 823 omnia
1553 777 1611 824 li-

312 852 398 898 bro
436 852 660 898 innectere
702 866 785 896 nec
823 849 1086 912 possumus,
1125 848 1285 895 fastidii
1327 849 1611 906 evitatione,

314 942 398 972 nec
416 925 658 971 volumus:
679 923 751 969 sed
771 923 825 968 ad
852 922 1174 985 intelligendos
1196 938 1345 969 mores
1365 936 1500 985 atque
1520 923 1614 969 vir-

311 1010 454 1045 tutem
485 1013 622 1059 pauca
648 995 827 1042 libanda
855 995 968 1041 sunt.
996 1012 1096 1041 nam
1132 1012 1234 1042 cum
1255 996 1496 1059 Thyanam
1527 1012 1613 1042 ve-

314 1062 485 1127 niffet,'
507 1086 695 1133 eamque
733 1068 959 1115 occlusam
1001 1068 1258 1131 reperisset,
1289 1069 1425 1116 iratus
1457 1069 1630 1133 dixisse,

313 1141 479 1195 fertur,
509 1144 662 1188 Canem
696 1144 742 1188 in
778 1144 854 1188 hoc
886 1143 1040 1202 oppido
1077 1160 1164 1187 non
1199 1145 1443 1204 relinquam.
1477 1143 1615 1191 Tunc

314 1218 365 1265 &
398 1216 615 1263 militibus
647 1215 792 1262 acrius
828 1215 1194 1262 incumbentibus
1229 1216 1301 1278 spe
1334 1217 1525 1279 praedae,
1560 1219 1612 1266 &

315 1289 693 1337 Heraclammone
724 1289 953 1351 quodam,
985 1288 1180 1346 timore,
1212 1307 1265 1335 ne
1297 1290 1414 1336 inter
1433 1305 1614 1338 ceteros

315 1364 629 1423 occideretur,
666 1363 853 1426 patriam
894 1361 1014 1409 suam
1044 1362 1297 1426 prodente,
1333 1363 1495 1412 civitas
1533 1381 1611 1413 ca-

316 1451 392 1501 pta
426 1438 502 1486 est.
1660 1439 1662 1441 ’

380 1511 642 1559 XX111.Sed
666 1508 931 1557 Aurelianus
948 1509 1040 1556 duo
1061 1508 1202 1556 statim
1226 1510 1467 1573 praecipua‚
1484 1512 1612 1576 quod

314 1601 455 1630 unum
494 1583 774 1632 severitatem
814 1582 1091 1640 ostenderet,
1129 1583 1319 1630 alterum
1358 1584 1612 1644 lenitatem,

313 1675 370 1705 ex
387 1657 675 1720 imperatoria
698 1669 845 1717 mente
861 1656 1146 1703 monstravit.
1163 1675 1263 1704 nam
1283 1659 1331 1706 &
1391 1659 1612 1707 eraclam-

315 1747 500 1778 monem
529 1722 824 1794 proditorem'
844 1729 997 1792 patriae
1029 1729 1112 1776 suae
1142 1729 1313 1793 sapiens
1347 1732 1494 1779 vietor
1526 1748 1612 1781 oc-

316 1804 455 1851 cidit:
486 1806 535 1852 &
563 1820 666 1851 cum
696 1803 861 1850 milites
892 1802 1017 1864 juxta
1049 1803 1160 1849 illud
1192 1803 1385 1862 dictum,
1412 1821 1507 1869 quo
1538 1822 1612 1853 ca-

314 1894 417 1924 nem
445 1877 487 1924 se
511 1877 768 1924 relicturum
798 1878 914 1937 apud
941 1877 1206 1940 Thyanaeos
1235 1891 1440 1941 negarat,
1475 1895 1613 1929 ever-2

313 1951 484 1998 {ionem
524 1947 646 1996 urbis
680 1950 1004 2012 exposcerent,
1041 1949 1273 2011 respondit
1311 1950 1394 1997 iis:
1432 1954 1612 2010 Canem,

314 2025 463 2089 inquit
477 2062 490 2081 ,
512 2027 666 2088 negavi
683 2030 727 2072 irz
749 2028 825 2072 bac
847 2030 940 2072 urbe
962 2045 1024 2072 me
1042 2026 1271 2074 relic-“lurum
1288 2044 1306 2073 :
1329 2046 1450 2074 canes
1469 2045 1612 2074 omnes

314 2102 501 2146 occidite.
537 2100 720 2146 Grande
755 2098 976 2161 Principis
1016 2099 1208 2156 dietum,
1245 2101 1452 2163 grandius
1491 2100 1612 2147 mili-

314 2185 410 2218 tum
431 2183 620 2217 votum:
653 2187 752 2216 nam
774 2170 939 2216 diuum
965 2169 1185 2232 Principis
1201 2207 1214 2228 ,
1236 2187 1329 2234 quo
1358 2171 1506 2233 praeda
1528 2187 1613 2217 ne-

314 2246 528 2308 gabatur,
561 2243 721 2298 civ-itas
756 2242 1046 2300 servabatur,
1088 2256 1211 2290 totus
1258 2244 1484 2291 exercitus
1516 2243 1576 2290 ita
1596 2278 1613 2302 ,

315 2318 436 2382 quali
458 2317 702 2375 ditaretur,
722 2317 907 2381 accepit.
930 2316 1127 2379 Epistola
1147 2318 1201 2363 de
1222 2317 1612 2364 Heraclammone.
1660 2313 1663 2315 Δ

316 2395 577 2441 Aurelianus
608 2393 825 2458 Augtfius
862 2395 1015 2438 Mallio
1059 2394 1239 2440 Chiloni.
1281 2392 1435 2437 Occidi
1464 2388 1613 2455 paffics

303 2467 431 2528 sum,
460 2467 579 2524 cujus
613 2467 733 2533 quast
755 2467 944 2527 benficio
976 2467 1200 2527 Thyanam
1228 2466 1370 2527 recepi.
1401 2467 1498 2527 Ego
1520 2481 1615 2513 vero
