1714 2807
330 159 417 206 180
581 129 1357 210 JUL11CAP1TOLiN1

321 281 466 311 rarum
491 264 798 328 efl‘et‚aquilas
813 266 858 313 in
876 267 939 313 his
960 267 1071 315 locis
1089 269 1257 325 videri,
1277 270 1321 314 in
1344 268 1503 334 quibus
1524 281 1599 318 nai

320 347 390 384 tus
421 337 477 384 est
508 339 734 395 Albinus;
770 338 949 401 septima
979 339 1071 401 ejus
1101 342 1188 388 diei
1217 343 1329 389 hora
1355 344 1597 400 convivii,

320 411 447 472 quod
481 410 721 458 celebritati
747 411 872 474 pueri
902 412 1224 474 deputabatur,
1245 431 1348 461 cum
1369 414 1409 460 ei
1440 412 1596 461 fierent

319 481 535 538 nomina,
566 481 729 543 septem
765 482 924 546 aquilae
970 483 1168 544 parvulae
1213 484 1265 530 de
1308 484 1418 531 nido
1451 484 1595 531 allatae

317 553 447 610 sunt,
477 556 526 601 &
557 555 676 616 quasi
709 556 761 601 ad
785 554 934 614 jocum
967 554 1083 602 circa
1109 573 1246 602 cunas
1275 557 1395 617 pueri
1427 557 1596 603 consti-

320 637 429 672 tutae
450 644 461 672 ε
493 643 573 672 nec
604 626 690 673 hoc
715 643 850 672 omen
883 639 1005 687 pater
1029 627 1209 681 abnuit,
1230 628 1303 689 qui
1324 627 1436 687 juffit
1465 628 1595 690 aqui-

319 698 383 746 las
411 699 496 754 ali,
527 700 574 746 δι
609 699 844 761 diligenter
871 696 1029 743 curari.
1060 698 1249 744 Acceffit
1286 715 1449 755 omen,
1469 700 1594 760 quod

318 787 420 818 cum
458 771 583 833 pueri
608 770 700 828 ejus
729 770 905 815 familiae
940 770 1112 816 russulis
1141 770 1334 817 faselolis
1367 772 1594 834 illigaren·

315 855 414 895 tur,
437 844 561 903 quod
592 842 710 889 forte
741 842 845 888 lotae
874 855 1005 903 atque
1033 842 1132 887 udae
1163 843 1298 890 effent
1332 843 1506 890 ruffulae
1529 844 1592 891 fa·

313 913 486 968 sciolae‚
521 930 630 975 quas
660 925 800 959 mater
833 929 1063 974 praegnans
1093 927 1348 974 paraverat,
1372 932 1594 977 purpurea

314 988 464 1034 matris
505 987 694 1036 illigatus
725 988 786 1032 est
822 986 986 1033 fascia:
1019 986 1134 1032 unde
1162 986 1225 1032 illi
1263 987 1370 1046 joco
1404 988 1591 1035 nutricis

314 1061 443 1105 etiam
467 1061 695 1119 Porphyrii
724 1075 890 1104 nomen
924 1057 1112 1104 inditum
1134 1057 1206 1106 est.
1232 1058 1338 1104 Haec
1359 1072 1487 1122 atque
1507 1060 1592 1105 alia

313 1132 431 1186 siena
465 1133 638 1192 iii-:perii
679 1131 816 1177 futuri
853 1129 1008 1175 fuere:
1041 1146 1141 1191 quae
1173 1131 1249 1193 qui
1285 1132 1408 1178 volet
1437 1131 1591 1189 nosse,

311 1205 476 1252 AElium
501 1204 706 1249 Cordum
739 1203 880 1265 legat,
898 1201 976 1265 qui
998 1201 1164 1248 frivola
1193 1202 1319 1265 super
1339 1202 1590 1264 hujusmodi

313 1275 545 1322 ominibus
579 1275 730 1320 cunEta
766 1272 1054 1335 persequitur.

380 1349 455 1392 Vl.
479 1346 746 1392 Adolescens
776 1345 908 1408 igitur
929 1344 1070 1391 statim
1104 1344 1144 1391 se
1171 1345 1226 1390 ad
1247 1344 1448 1392 militiam
1475 1363 1591 1394 con-

310 1419 434 1476 tulit,
449 1433 580 1482 atque
598 1419 841 1465 Antoninis
866 1435 942 1480 per
960 1417 1148 1464 Lollium
1172 1419 1381 1465 Serenum
1396 1455 1409 1477 ‚
1430 1422 1478 1468 δε
1496 1422 1590 1466 13ae-

311 1493 436 1539 bium
465 1493 757 1548 Maecianum,
780 1494 828 1539 <Sc
853 1490 1096 1551 Ceionium
1126 1491 1457 1539 Postumianum
1488 1493 1590 1540 suos

310 1566 464 1611 affines
492 1565 706 1611 innotuit.
741 1565 834 1628 Egit
869 1565 1099 1612 Tribunus
1131 1566 1303 1627 equites
1337 1567 1588 1613 Dalmatas:

311 1640 399 1701 egit
417 1643 464 1686 ὅ(
485 1641 705 1702 legionem
722 1641 1060 1700 Quartanorum
1083 1640 1131 1686 &
1159 1639 1497 1686 Primanorum:
1515 1640 1590 1686 Bi-

311 1714 528 1776 thynicos
558 1715 779 1760 exercitus
800 1729 855 1759 eo
875 1725 1078 1773 tempore
1095 1747 1110 1769 ‚
1129 1728 1223 1774 quo
1245 1710 1433 1758 Avidius
1448 1713 1589 1759 rebel-

310 1785 455 1842 labat,
490 1784 677 1830 fideliter
697 1784 853 1830 tenuit.
879 1784 1058 1831 Deinde
1086 1801 1164 1845 per
1195 1784 1501 1829 Commodum
1533 1785 1589 1831 ad

311 1855 481 1902 Gallias
501 1856 763 1913 translatus,
786 1856 831 1900 in
859 1873 970 1918 qua,
994 1855 1094 1902 fusis
1126 1854 1266 1901 Frifiis
1287 1855 1589 1902 Transrhena-

309 1931 409 1987 nis,
442 1930 615 1978 crlebre
661 1947 828 1976 nomen
867 1930 990 1976 suum
1021 1931 1070 1977 &
1099 1930 1214 1991 apud
1246 1931 1506 1988 Romanos,
1538 1932 1590 1979 &

311 2005 426 2066 apud
465 2006 681 2050 Barbaros
719 2003 838 2050 fecit.
870 2003 1050 2062 Quibus
1069 2004 1198 2049 rebus
1218 2003 1424 2049 accensus
1445 2005 1587 2050 Com·

310 2077 470 2123 modus
485 2112 498 2132 ‚
521 2077 821 2122 Cael'arianum
843 2074 882 2121 ei
905 2092 1069 2121 nomen
1090 2074 1279 2132 obtulit,
1299 2076 1348 2122 &
1367 2075 1498 2121 dandi
1517 2074 1588 2121 sti-

311 2147 460 2208 pendii
486 2145 742 2193 facultatem
759 2182 771 2201 ,
794 2147 842 2193 ὃς
869 2146 986 2206 pallii
1019 2145 1197 2192 coccini
1222 2145 1388 2193 utendi.
1408 2146 1586 2206 Quibus

310 2220 521 2265 omnibus
560 2219 632 2264 ille
662 2219 903 2279 prudenter
933 2218 1170 2274 abstinuit,
1202 2218 1376 2270 dicens,
1398 2222 1587 2265 Commo-

311 2295 409 2337 dum
442 2308 628 2350 quaerere,
650 2292 718 2349 qui
750 2305 823 2333 aut
847 2308 935 2333 cnm
960 2308 1006 2334 eo
1032 2292 1208 2349 perirent
1224 2324 1237 2345 ,
1266 2306 1341 2334 aut
1368 2307 1468 2349 quos
1494 2307 1583 2334 cum

313 2367 438 2426 causa
463 2367 545 2424 ipse
569 2363 700 2426 poſj'et
734 2366 903 2409 occidere
942 2362 1188 2422 Quaesturae
1221 2362 1356 2425 gratia
1387 2363 1450 2408 illi
1476 2361 1586 2409 fafia

311 2442 396 2486 est:
414 2455 501 2503 qua
529 2437 761 2499 concessa,
777 2437 933 2485 AEdilis
953 2452 1047 2484 non
1065 2437 1254 2500 amplius
1277 2452 1410 2501 quam
1433 2435 1586 2484 decem
