1714 2807
319 122 371 186 58
568 122 782 169 JULII
833 120 1330 180 CAPITOLINI

312 227 547 292 profiteri,
573 227 688 273 intra
724 227 992 274 tricesimum
1021 226 1136 273 diem
1153 264 1169 284 ‚
1196 227 1377 274 nomine
1403 225 1590 290 impofi-

311 314 376 348 to.
404 302 485 347 Per
511 300 772 363 provincias
803 300 1123 347 tabulariorum
1150 301 1434 362 publicorum
1465 301 1588 348 usum

311 374 521 433 instituit,
540 376 655 437 apud
676 391 790 438 quos
810 375 925 420 idem
949 375 1001 419 de
1022 374 1272 437 originibus
1292 374 1414 421 fieret
1430 411 1444 434 ,
1463 375 1593 438 quod

309 449 472 495 Romae
492 448 609 511 apud
636 447 870 510 praefectos
891 447 1056 494 aerarii:
1078 460 1151 505 nt,
1174 447 1201 493 st
1228 447 1341 494 forte
1365 449 1523 511 aliquis
1545 448 1592 495 in

312 521 548 584 provincia
571 534 696 567 natus
726 520 898 567 causam
929 520 1150 567 liberalem
1178 521 1368 578 diceret,
1390 522 1591 568 testatio-

312 611 390 641 nes
422 595 525 640 inde
559 593 705 639 ferret.
735 607 866 655 atque
897 593 1011 641 hanc
1039 607 1177 640 totam
1209 595 1345 659 legem
1375 596 1428 641 de
1457 594 1593 641 affer-

311 666 511 713 tionibus
542 664 766 712 firmavit:
794 665 984 729 aliasque
1013 666 1065 712 de
1089 666 1315 714 mensariis
1342 668 1390 715 &
1422 667 1591 714 attilio-

311 738 441 785 nibus
460 739 576 785 tulit.

387 813 447 859 X.
485 815 691 858 Senatum
731 813 880 859 multis
915 812 1282 875 cognitionibus,
1310 816 1360 861 &
1395 812 1590 861 maxime

312 885 368 930 ad
395 884 439 930 se
465 884 788 945 pertinentibus
806 921 818 938 ‚
841 884 1032 945 judicem
1062 886 1195 933 dedit.
1219 888 1291 932 De
1320 887 1429 932 statu
1459 886 1592 932 etiam

313 956 623 1003 defun&omm
652 957 765 1002 intra
796 958 1154 1019 quinquennium
1182 958 1321 1020 quaeri
1348 957 1479 1020 juffit.
1511 975 1594 1004 ne·-

310 1046 398 1091 que
422 1030 653 1091 quisquam
681 1030 935 1090 Principum
957 1029 1144 1091 amplius
1166 1029 1330 1077 senatui
1357 1031 1527 1078 detulit.
1547 1033 1596 1076 ln

311 1105 493 1150 Senatus
516 1116 659 1149 autem
682 1102 1104 1161 honorificentiam,
1132 1104 1281 1151 multis
1300 1106 1348 1152 &
1370 1104 1594 1168 praetoriis

313 1179 362 1224 &
386 1176 692 1224 consularibus
721 1177 906 1237 privatis
932 1176 1172 1223 decidenda
1213 1178 1390 1258 negotia
1420 1179 1595 1242 delega-

311 1250 406 1306 vit,
437 1266 531 1311 quo
564 1249 699 1312 magis
728 1265 882 1294 eorum
917 1265 1019 1295 cum
1048 1249 1268 1295 exercitio
1300 1249 1407 1309 juris
1435 1251 1594 1297 aufto·-

313 1322 418 1368 ritas
446 1322 674 1368 cresceret.
711 1324 884 1368 Multos
920 1339 974 1367 ex
1004 1322 1152 1369 amicis
1182 1322 1225 1368 in
1259 1322 1454 1369 senatum
1488 1324 1596 1371 alle-

312 1393 376 1456 git
399 1411 500 1441 cum
531 1394 730 1442 aediliciis
758 1408 831 1440 aut
859 1395 1079 1456 praetoriis
1112 1396 1412 1458 dignitatibus.
1442 1397 1594 1445 multis

313 1466 589 1514 senatoribus
611 1468 877 1529 pauperibus
905 1468 992 1512 fine
1017 1467 1229 1525 crimine,
1251 1467 1482 1530 dignitates
1512 1469 1596 1515 tri-

313 1539 517 1587 bunicias
545 1539 839 1602 aediliciasque
874 1539 1097 1587 conceffit.
1126 1556 1206 1586 nec
1242 1556 1514 1603 quemquam
1546 1541 1595 1587 in

311 1611 518 1658 ordinem
540 1611 670 1675 legit,
691 1612 769 1658 nis1
789 1629 919 1673 quem
943 1612 1032 1675 ipse
1053 1614 1164 1659 bene
1184 1612 1337 1659 sciffet.
1356 1613 1458 1659 Hoc
1475 1629 1596 1676 quo-

313 1700 403 1747 que
425 1685 719 1731 Senatoribus
742 1685 928 1742 detulit,
956 1697 1026 1739 ut,
1053 1685 1233 1747 quoties
1260 1685 1314 1730 de
1337 1701 1493 1731 eorum
1518 1702 1594 1733 ca-

313 1758 407 1818 pite
443 1757 547 1804 effet
581 1756 895 1818 judicandum,
922 1756 1093 1804 secreto
1130 1758 1434 1818 pertractaret,
1463 1769 1594 1819 atque

311 1828 372 1875 ita
392 1829 438 1874 in
455 1830 680 1890 publicum
701 1829 926 1890 prodiret;
948 1847 1028 1877 nec
1051 1843 1289 1892 pateretur,
1315 1830 1483 1892 equites
1501 1831 1596 1876 Ro-

314 1917 475 1948 manos
496 1903 655 1949 talibus
681 1902 886 1949 intereffe
912 1903 1059 1950 caulis.
1086 1905 1265 1966 Semper
1290 1915 1463 1961 autem,
1490 1919 1593 1949 cum

313 1976 489 2038 potuit,
518 1975 722 2023 interfuit
754 1976 950 2034 senatui,
985 1977 1153 2023 etiamsi
1193 1977 1305 2023 nihil
1337 1977 1440 2023 esset
1481 1976 1597 2022 refe-

315 2050 500 2094 rendum
517 2084 530 2106 ,
554 2049 586 2094 fi
611 2051 772 2095 Romae
797 2049 904 2096 fuit:
934 2050 964 2096 fi
985 2067 1096 2097 vero
1125 2050 1292 2113 aliquid
1319 2050 1484 2097 referre
1504 2067 1596 2096 vo-

315 2123 399 2169 luit
415 2159 429 2181 ‚
457 2123 589 2170 etiam
621 2124 674 2170 de
699 2124 940 2186 Campania
967 2123 1055 2186 ipse
1079 2124 1219 2172 venit.
1244 2123 1458 2172 Comitiis
1487 2140 1599 2185 prae-

312 2208 434 2242 terea
464 2196 594 2244 etiam
623 2197 760 2260 usque
787 2198 843 2243 ad
871 2199 1047 2244 noctem
1081 2197 1338 2261 frequenter
1366 2196 1565 2244 interfuit
1583 2213 1597 2242 :

316 2285 461 2331 neque
489 2286 687 2333 unquam
719 2269 889 2317 receffit
922 2271 975 2315 de
1003 2269 1150 2326 curia,
1174 2268 1252 2314 nifi
1271 2269 1442 2316 Consul
1465 2268 1597 2314 dixis-

315 2339 378 2386 set
393 2377 408 2397 ‚
439 2345 567 2388 Nilzil
585 2361 658 2388 vos
687 2361 895 2389 moramur
912 2377 924 2399 ‚
948 2345 1095 2388 Patres
1134 2344 1364 2402 conscripti.
1387 2342 1594 2386 Senatum

318 2415 693 2478 appellationibus
715 2434 740 2465 a
767 2416 967 2465 Consule
1000 2415 1119 2464 factis
1151 2416 1342 2481 judicem
1367 2415 1501 2463 dedit.
1516 2416 1596 2463 Ju-
