1637 2785
230 153 743 203 'ALEXANDER
792 156 1166 204 SEVERUS.
1240 121 1358 224 ⁸2285

90 260 287 321 mentio,
321 262 443 324 quod
474 261 546 307 ille
583 261 782 323 leporem
817 262 1020 324 quotidie
1050 264 1254 319 haberet,
1288 263 1364 324 jo-

89 351 166 382 cus
201 335 400 397 poeticus
430 334 602 381 emersit
623 370 637 391 ‚
670 335 840 381 idcirco
869 337 995 396 quod
1033 337 1161 383 multi
1199 337 1365 399 septem

89 408 245 454 diebus
263 409 474 470 pulchros
494 407 576 453 effe
596 407 749 454 dicunt
774 424 852 454 eos
869 443 880 462 ‚
901 408 978 470 qui
1001 408 1199 470 leporem
1233 426 1365 455 com-

88 479 281 538 ederint,
321 491 368 525 ut
402 479 617 526 Martialis
652 479 783 527 etiam
819 478 1091 542 epigramma
1122 480 1366 543 significat,

89 552 214 615 quod
235 567 389 599 contra
409 553 632 615 quandam
654 552 846 599 Gelliam
867 551 1031 614 scripsit
1053 552 1332 613 hujusmodi:

155 629 257 672 Cum
276 631 443 687 leporem
463 627 620 683 mittis,
637 627 799 687 semper
814 626 919 670 mihi
935 660 948 682 ,
973 626 1138 683 Gellia,
1158 630 1366 679 mandas,

217 704 376 760 Septem
387 701 603 760 formosus
619 735 631 757 ‚
653 703 791 745 Marce
809 735 821 756 ‚
842 701 981 744 diebus
1002 701 1093 744 eris.

151 774 188 816 S
191 775 207 816 ἰ
225 790 359 817 verum
379 776 507 831 dicis,
518 773 562 836 si
574 790 709 817 verum
726 805 739 829 ‚
760 771 923 824 Gellia,
947 773 1155 828 mandas,

217 847 259 889 E
264 847 357 912 dstc'
372 864 583 906 nunquam
596 880 609 903 ,
631 846 768 890 Gellia
786 879 799 899 ‚
818 860 862 888 tu
882 846 1063 903 leporem.

89 917 172 963 Sed
194 918 278 963 hos
302 920 449 965 versus
469 918 682 965 Martialis
711 917 756 963 in
783 933 877 964 eam
894 951 906 971 ‚
931 933 1030 978 quae
1057 914 1271 961 deformis
1299 914 1369 962 es-

91 987 182 1045 set,
212 990 490 1052 composuit:
522 1003 655 1053 poeta
687 1005 798 1037 vero
834 1000 1091 1050 temporum
1124 985 1369 1034 Alexandri

89 1061 186 1108 haec
215 1062 260 1107 in
288 1079 387 1108 eum
416 1063 554 1110 dixit:

157 1131 381 1182 Pulchrum
399 1140 510 1197 quod
524 1139 634 1182 vides
653 1134 722 1199 effla
742 1134 917 1200 nostrum
938 1151 1060 1195 regem
1078 1167 1094 1192 ‚

157 1210 295 1270 Quem
316 1211 474 1270 Syrum
481 1211 570 1270 sua
589 1211 731 1255 detulit
743 1224 956 1268 propago,

158 1286 343 1328 Venatus
353 1282 468 1341 facit
485 1319 497 1337 ,
515 1280 558 1328 ὃ·
575 1287 688 1342 lepus
709 1281 913 1342 comesta,

157 1359 235 1402 Ex
252 1375 330 1417 quo
350 1358 592 1403 continuum
610 1358 724 1417 capit
738 1360 922 1416 leporem.

94 1429 193 1475 Hos
223 1431 372 1476 versus
401 1446 504 1477 cum
535 1431 589 1475 ad
620 1446 722 1475 eum
757 1428 935 1490 quidam
966 1443 1023 1473 ex
1056 1424 1206 1474 amicis
1239 1425 1371 1472 dem-a

94 1502 235 1559 Esset,
255 1503 524 1565 respondisse
559 1504 635 1550 ille
670 1502 833 1551 dicitur
862 1501 1035 1548 Graecis
1074 1498 1269 1547 verfibus
1287 1535 1302 1558 ³
1323 1500 1371 1546 in

93 1574 209 1621 hanc
237 1575 514 1623 sententiam:

161 1651 385 1697 Pulchrum
407 1655 519 1712 quod
526 1668 658 1712 putas
677 1650 750 1714 effi
766 1651 932 1716 vestrum
952 1667 1076 1711 regem
1090 1682 1106 1708 ,

166 1727 348 1785 Vulgari
363 1760 376 1782 ‚
394 1727 619 1786 miserande
631 1761 643 1782 ,
664 1729 711 1771 de
718 1726 880 1784 fabella
897 1743 913 1771 :

162 1801 197 1842 S
201 1801 217 1842 ι’
234 1816 369 1843 verum
382 1816 509 1858 putas
527 1797 596 1861 ‹fft
608 1834 618 1854 ,
638 1817 722 1844 non
742 1800 909 1859 irafior.

165 1874 346 1917 Tamum
363 1887 408 1915 tu
423 1876 611 1915 comedas
627 1873 747 1915 velim
768 1869 993 1929 lepusculos
1013 1902 1030 1927 ,

167 1946 232 1988 Ut
242 1943 330 2000 fias
342 1978 354 1999 ,
372 1945 508 1988 animi
525 1945 648 1988 malis
666 1941 829 2004 repa-llis
846 1975 860 1997 ‚

162 2018 363 2072 Pulcher,
383 2035 431 2062 ne
448 2018 639 2063 invideas
654 2018 776 2062 livore
797 2016 957 2060 mentis.

164 2087 392 2134 XXXIX.
412 2078 414 2081 ⁵
434 2089 548 2134 Cum
593 2087 763 2133 amicos
798 2087 1006 2131 militares
1042 2081 1255 2129 habuiffet
1277 2116 1289 2139 ‚
1325 2092 1376 2128 ut

93 2159 227 2206 usum
250 2160 461 2222 ijani,
484 2177 616 2224 quem
649 2161 724 2206 ille
758 2159 857 2222 post
885 2156 1119 2204 secundam
1156 2156 1376 2229 mensam,

100 2233 285 2296 potandi
324 2233 461 2296 usque
491 2234 546 2280 ad
574 2233 771 2296 quinque
810 2231 972 2294 pocula
1000 2229 1273 2285 instituerat,
1303 2243 1377 2273 re-

101 2306 296 2353 servaret
318 2341 332 2361 ‚
363 2322 504 2353 unum
538 2318 707 2352 tantum
746 2304 962 2366 poculum
999 2300 1152 2348 amicis
1191 2300 1378 2346 exhibe-

101 2379 200 2439 bat,
229 2380 272 2426 in
304 2380 525 2426 honorem
560 2378 801 2424 Alexandri
832 2374 1006 2439 Magni:
1031 2374 1076 2420 id
1101 2385 1247 2418 autem
1278 2373 1378 2417 bre-

105 2453 230 2516 vius,
254 2452 334 2501 nist
364 2453 393 2499 si
419 2452 549 2517 quis,
573 2452 699 2515 quod
718 2450 905 2509 licebat,
932 2447 1073 2510 majus
1102 2446 1260 2492 habere
1288 2458 1378 2506 pos
