1714 2807
323 165 384 218 34
522 149 749 195 AEL11
815 115 1397 198 SPART1A²N1

317 257 429 304 iium
452 255 578 302 suum
597 254 763 303 dixisse.
780 256 872 302 Jam
891 254 966 302 illa
982 255 1185 312 leviora,
1199 257 1326 320 quod
1344 256 1602 306 cursoribus

315 329 407 378 suis
437 327 642 390 exemplo
662 326 938 391 Cupidinum
965 318 1054 375 alas
1084 327 1340 393 frequenter
1363 329 1598 392 apposuit,

317 402 481 466 eosque
513 412 758 449 ventorum
785 401 1046 449 nominibus
1069 401 1182 466 saepe
1214 403 1474 460 vocitavit;
1502 406 1597 451 Bo-

311 495 426 523 ream
456 474 590 522 alium
605 510 617 528 ‚
650 473 784 521 alium
804 478 962 521 Notum
977 509 992 530 ,
1011 475 1060 522 &
1087 475 1192 522 item
1215 480 1468 537 Aquilonem
1485 514 1499 536 ,
1523 490 1599 525 aut

317 550 493 595 Circium
511 583 524 604 ,
554 546 797 610 ceterisque
829 546 1089 594 nominibus
1120 549 1372 611 appellans;
1395 551 1444 596 &
1471 550 1600 596 inde-

314 621 418 668 fesse
438 635 572 683 atque
588 618 893 667 inhumaniter
911 619 1076 668 faciens
1092 622 1317 669 cursitare.
1337 622 1456 668 Idem
1478 639 1600 668 uxo·

315 693 379 746 ri,
402 693 699 756 conquerenti
733 693 787 740 de
819 694 1040 742 extraneis
1073 695 1412 758 voluptatibus,
1444 697 1599 744 dixisse

314 767 481 815 fertur:
508 771 649 814 Patere
675 787 735 813 me
753 787 830 829 per
853 771 966 814 alias
984 787 1155 816 exercere
1187 773 1432 831 cupiditates
1456 789 1566 816 meas
1582 788 1600 816 .·

314 861 426 892 uxor
449 845 555 888 enim
577 844 801 904 dignitatis
822 860 972 888 nomen
1000 843 1051 908 efl
1062 878 1075 899 ‚
1097 860 1183 888 non
1215 847 1461 904 voluptatis.
1490 841 1598 900 Ejus

314 913 431 961 filius
453 915 514 960 est
534 914 793 960 Antoninus
816 917 960 960 Verus
975 950 986 972 ,
1005 915 1082 976 qui
1105 915 1342 977 adoptatus
1368 915 1427 962 est
1447 934 1469 962 a
1490 918 1601 962 Mar-

313 1006 372 1037 co
390 1025 403 1044 ,
432 990 507 1035 vel
532 1002 651 1035 certe
678 1005 780 1035 curn
813 990 1000 1046 Marco,
1032 990 1080 1035 &
1114 1005 1214 1035 cum
1245 990 1403 1036 eodem
1431 989 1600 1052 aequale

313 1061 439 1124 gestit
460 1060 714 1127 imperium.
736 1077 834 1107 nam
856 1060 935 1123 ipsi
956 1060 1169 1124 sunt,qui
1185 1060 1316 1122 primi
1333 1062 1424 1108 duo
1447 1065 1600 1124 Augu·

313 1132 368 1178 sti
401 1131 611 1194 appellati
644 1131 770 1187 sunt,
797 1133 846 1179 &
881 1147 1078 1195 quorum
1121 1131 1239 1179 fastis
1277 1131 1599 1180 Consularibus

312 1201 374 1249 s1c
394 1205 577 1249 nomina
598 1205 972 1265 praescribuntur,
993 1215 1042 1249 ut
1057 1205 1262 1250 dicantur
1278 1219 1372 1250 non
1388 1207 1481 1250 duo
1502 1211 1597 1252 An-

312 1275 491 1333 tonini,
527 1275 599 1322 sed
633 1273 724 1322 duo
757 1275 970 1339 Augusti:
1000 1288 1262 1338 tantumque
1289 1275 1424 1335 huius
1457 1277 1519 1323 rei
1546 1279 1598 1327 δε

312 1349 499 1395 novitas
520 1349 570 1394 &
592 1346 780 1409 dignitas
805 1349 968 1402 valuit,
989 1359 1037 1394 ut
1063 1349 1157 1394 fasti
1182 1349 1454 1397 Consulares
1473 1367 1598 1397 non-

310 1418 425 1466 nulli
453 1418 508 1463 ab
540 1417 607 1463 his
629 1416 853 1463 sumerent
874 1418 1075 1464 ordinem
1098 1418 1363 1464 Consulum.

377 1494 454 1538 VI.
478 1491 567 1536 Pro
597 1489 691 1551 ejus
719 1489 966 1551 adoptione
995 1489 1213 1537 infinitam
1243 1488 1475 1552 pecuniam
1503 1507 1596 1552 po-

312 1566 426 1633 pulo
449 1567 498 1613 &
517 1563 728 1610 militibus
751 1564 1000 1611 Hadrianus
1024 1565 1158 1612 dedit.
1179 1564 1251 1610 sed
1272 1581 1373 1611 cum
1396 1580 1497 1610 eum
1522 1566 1592 1612 vi-

311 1642 460 1694 deret,
485 1639 627 1684 homo
658 1636 793 1698 paulo
821 1637 1044 1698 argutior,
1077 1636 1334 1683 miserrimae
1374 1637 1596 1684 valetudi-

312 1713 413 1767 nis,
441 1710 499 1756 ita
530 1722 580 1756 ut
607 1709 776 1756 scutum
812 1708 996 1754 solidius
1024 1708 1183 1769 jactare
1214 1725 1309 1755 non
1336 1709 1502 1770 poffet,
1530 1710 1596 1756 di-

312 1784 420 1833 xiffe
455 1782 618 1829 fertur:
660 1772 918 1827 Ter'millies
944 1785 1233 1842 persimili-:1152
1263 1785 1371 1843 quod
1402 1786 1595 1830 exercitui

307 1861 540 1921 populoque
568 1856 835 1915 dependimus
855 1872 869 1898 .·
879 1854 1084 1917 fiquidertz
1099 1856 1212 1915 sinis
1235 1857 1281 1900 in
1304 1858 1500 1901 caducum
1511 1875 1595 1916 pa·

313 1937 448 1981 rietem
475 1931 767 1985 incubuimus,
800 1926 842 1973 δ’
880 1931 950 1988 qui
977 1947 1063 1973 non
1102 1930 1237 1988 ipsum
1272 1930 1559 1988 rempublicam
1580 1962 1596 1985 ,

302 2008 385 2069 fed
401 2024 476 2052 nos
500 2004 610 2066 ipsos
617 2004 843 2070 sustentare
865 2005 942 2047 vix
955 2001 1085 2064 pqffit.
1110 2002 1164 2046 Et
1187 2002 1278 2047 hoc
1299 2001 1475 2063 quidem
1499 2003 1589 2046 Ha-

312 2079 494 2126 drianus
531 2093 633 2123 cum
673 2074 883 2136 praeseflo
921 2073 998 2120 suo
1036 2075 1212 2120 locutus
1247 2073 1322 2119 est.
1352 2090 1451 2135 quae
1488 2089 1591 2119 cum

313 2150 574 2216 prodidisset
588 2149 842 2213 praefeCius,
857 2164 906 2194 ac
927 2163 1003 2210 per
1020 2147 1108 2194 hoc
1121 2148 1260 2194 AElius
1280 2148 1431 2194 Caesar
1451 2147 1593 2194 indies

312 2226 454 2290 magis
481 2224 702 2288 magisque
733 2221 1034 2269 sollicitudine
1051 2257 1063 2278 ,
1089 2234 1246 2285 utpote
1270 2219 1485 2281 desperati
1508 2219 1593 2265 ho·

313 2299 474 2356 minis,
496 2308 836 2360 aggravaretur,
865 2293 1075 2355 praefe&o
1102 2293 1181 2337 suo
1211 2290 1462 2337 Hadrianus
1478 2325 1492 2347 ‚
1511 2289 1591 2352 qui

313 2386 407 2417 rem
429 2370 710 2431 prodiderat,
734 2366 1023 2415 successorem
1055 2365 1197 2410 dedit:
1223 2364 1384 2409 volens
1415 2362 1592 2419 videri,
1634 2412 1638 2415 ,

314 2444 442 2508 quod
477 2442 614 2492 verba
647 2440 783 2490 tristia
815 2436 1104 2503 temperasset.
1140 2435 1214 2485 sed
1244 2434 1354 2485 nihil
1389 2431 1589 2497 profuit:
