1714 2807
340 123 392 182 55
589 124 791 168 JULH
846 123 1342 175 CApiTomNt

330 226 465 288 patris
496 225 767 286 intulerunt,
800 229 1038 293 magnifico
1074 232 1376 296 exsequiarum
1421 236 1609 287 officio:

329 315 439 345 mox
463 297 631 358 justitio
660 300 840 358 secuto,
865 303 1043 365 publice
1063 322 1248 369 quoque
1277 307 1445 354 funeris
1473 325 1609 372 expe·

331 371 448 419 ditus
472 373 533 419 est
554 375 686 422 ordo.
712 378 768 422 Et
790 376 1028 424 laudavere
1050 391 1235 442 uterque
1255 395 1339 442 pro
1359 381 1512 428 rostris
1529 399 1608 444 pa-

329 456 470 493 trem:
503 444 819 510 flaminemque
851 449 890 495 ei
927 465 980 496 ex
1016 451 1220 500 affinibus
1253 454 1303 502 δι
1339 453 1511 502 sodales
1550 471 1608 504 ex
1644 481 1650 487 ·

329 522 597 569 amicissimis
623 523 885 570 Aurelianos
917 541 1135 574 creavere.

394 597 511 642 VIII.
535 596 695 657 Adepti
717 596 948 658 imperium
963 634 976 653 ,
996 599 1055 646 ita
1077 600 1271 646 civiliter
1289 600 1331 647 se
1354 601 1488 648 ambo
1509 619 1608 666 ege·

328 681 464 724 runt,
492 682 541 714 ut
576 669 800 715 lenitatem
827 671 893 716 Pii
916 688 1049 718 nemo
1078 673 1365 731 desiderarem,
1397 692 1498 722 cum
1525 692 1607 723 eos

329 741 552 788 Marullus
571 777 582 799 ,
609 741 670 788 sui
701 743 916 805 temporis
950 745 1313 808 mimographus,
1346 747 1608 795 cavillando

327 815 513 877 impune
545 816 869 878 perstringeret.
901 819 1104 865 Funebre
1135 837 1292 867 munus
1324 823 1438 884 patri
1473 823 1609 869 dede-

327 904 445 936 runt.
468 891 617 937 Dabat
637 890 677 937 se
698 892 874 937 Marcus
898 902 1043 938 totum
1064 893 1112 940 δι
1132 893 1458 956 philosophiae,
1477 911 1608 941 amo-

329 981 420 1011 rem
448 966 620 1013 civium
649 964 870 1016 asseclam.
889 965 961 1012 sed
984 965 1285 1028 interpellavit
1313 967 1435 1014 istam
1468 967 1608 1015 felicio

327 1050 463 1085 tatem
485 1037 854 1102 securitatemque
871 1039 1155 1102 Imperatoris
1177 1038 1318 1101 prima
1337 1040 1515 1087 Tiberis
1535 1040 1609 1086 in-

328 1109 546 1168 undatio,
571 1128 672 1173 quae
700 1111 776 1158 sub
801 1111 886 1158 illis
917 1111 1168 1175 graviffima
1198 1111 1295 1159 fuit.
1324 1127 1424 1175 quae
1461 1128 1529 1159 res
1557 1115 1607 1163 &

327 1184 470 1230 multa
494 1183 628 1231 Urbis
657 1183 843 1230 aedificia
866 1184 1078 1241 vexavit,
1101 1187 1149 1232 ὅ(
1177 1184 1416 1247 plurimum
1439 1184 1610 1232 anima-

328 1256 438 1303 lium
457 1256 707 1314 interemit,
722 1257 770 1304 &
792 1256 949 1304 famem
968 1258 1266 1320 graviffimam
1286 1258 1469 1319 peperit.
1490 1259 1608 1318 Quae

329 1327 483 1375 omnia
509 1328 623 1377 mala
648 1331 828 1376 Marcus
856 1331 905 1376 &
933 1330 1078 1375 Verus
1112 1328 1183 1375 sua
1209 1345 1312 1375 cura
1338 1331 1386 1376 &
1417 1330 1610 1390 praesen-

329 1399 390 1445 tia
416 1402 733 1462 temperarunt.
759 1401 858 1449 Fuit
883 1417 940 1449 eo
971 1414 1174 1465 tempore
1202 1402 1332 1448 etiam
1355 1402 1607 1450 Parthicum

326 1473 497 1520 bellum
515 1509 527 1529 ‚
556 1475 681 1537 quod
703 1475 980 1538 Vologesus,
1009 1491 1208 1536 paratum
1243 1477 1320 1523 sub
1353 1477 1462 1534 Pio,
1485 1479 1608 1523 Mar-

328 1545 371 1593 ci
403 1548 452 1595 &
474 1549 582 1594 Veri
611 1561 815 1610 tempore
834 1548 1025 1605 indixit,
1048 1548 1206 1611 fugato
1237 1549 1393 1595 Atidio
1428 1552 1608 1596 Corne-

328 1619 479 1678 liano,
508 1619 586 1682 qui
617 1620 793 1686 Syriam
831 1633 938 1668 tunc
972 1620 1313 1668 administrabat.
1345 1621 1610 1670 lmminebat

327 1694 461 1740 etiam
488 1694 792 1742 Britannicum
820 1695 1016 1742 bellum:
1039 1695 1086 1742 δι
1109 1695 1229 1741 Catti
1254 1694 1298 1740 in
1321 1694 1608 1742 Germaniam
1677 1750 1679 1752 ¹

328 1782 381 1814 ac
406 1766 624 1813 Rhaetiam
649 1766 913 1828 irruperant.
941 1769 995 1813 Et
1019 1766 1232 1815 adversus
1253 1768 1489 1814 Britannos
1508 1769 1610 1828 qui-

328 1841 429 1886 dem
461 1839 730 1901 Calpurnius
760 1839 971 1902 Agricola
1001 1839 1150 1887 missus
1185 1840 1276 1896 est;
1307 1854 1462 1891 contra
1497 1843 1609 1888 Cat-

327 1925 400 1960 tos
433 1912 636 1961 Aufidius
664 1913 938 1960 Vieorinus.
972 1915 1043 1960 Ad
1073 1913 1326 1960 Parthicum
1362 1930 1473 1960 vero
1513 1914 1610 1959 bel-

326 1985 419 2032 lum
433 1986 608 2044 ,senatu
621 1984 924 2033 consentiente
941 2021 954 2043 ,
971 1989 1117 2033 Verus
1133 2022 1147 2043 ‚
1168 1986 1302 2033 frater
1323 1985 1433 2046 ejus,
1457 1987 1608 2035 miffus

326 2055 413 2104 est:
437 2056 530 2119 ipse
554 2057 715 2104 Romae
740 2057 967 2114 remansit,
996 2059 1123 2116 quod
1149 2073 1217 2105 res
1251 2058 1431 2105 urbanae
1465 2059 1610 2120 Impe-

327 2130 491 2177 ratoris
518 2129 794 2193 praesentiam
823 2129 1110 2191 postularent.
1143 2133 1199 2176 Et
1228 2131 1395 2178 Verum
1425 2130 1608 2192 quidem

326 2205 533 2262 Marcus,
571 2204 774 2266 Capuam
813 2203 951 2266 usque
995 2201 1288 2265 prosecutus,
1325 2202 1479 2249 amicis
1524 2217 1610 2248 co-

324 2275 587 2324 mitantibus
620 2293 645 2323 e
685 2276 868 2335 senatu,
905 2275 1115 2332 ornavit,
1158 2274 1319 2322 additis
1351 2274 1610 2321 officiorum

323 2349 527 2397 omnium
549 2349 841 2414 principibus.
861 2350 945 2397 Sed
964 2366 1064 2397 cum
1086 2349 1280 2395 Romam
1303 2347 1475 2396 redisset
1494 2348 1610 2393 Mar..

322 2440 426 2486 cus,
449 2425 826 2492 cognovissetque
841 2461 856 2486 ‚
884 2427 1052 2477 Verum
1073 2424 1191 2488 apud
1215 2422 1452 2473 Canusium
1466 2437 1610 2490 aegro-
