1714 2807
326 188 395 236 34
600 171 812 219 JULII
857 169 1360 218 CAPITOLINI

327 277 642 344 peratoribus‚
669 277 941 326 faffionibus
966 278 1132 328 divifit.
1160 280 1217 326 Et
1245 295 1324 342 per
1353 279 1451 327 haec
1479 288 1629 342 popu*

327 354 379 401 lo
401 353 500 400 satis
518 368 668 406 carus,
685 352 762 417 qui
786 352 956 416 semper
973 352 1135 400 talibus
1157 365 1491 399 commovetur.
1508 353 1626 400 Cor-

329 428 413 475 dus
433 426 559 483 dicit,
578 425 623 471 in
644 425 856 472 omnibus
877 424 1138 473 civitatibus
1166 425 1430 488 Campaniae
1451 461 1466 483 ,
1488 428 1627 472 Etru·

328 502 438 561 riae,
469 500 697 557 Umbriae‚
721 499 978 558 Flaminiae,
997 498 1175 557 Piceni,
1196 499 1249 546 de
1275 501 1466 563 proprio
1494 497 1627 548 illum

328 592 411 639 per
447 573 736 637 quatriduum
770 574 904 621 ludos
935 573 1137 622 scenicos
1171 575 1220 620 &
1254 572 1488 622 Juvenalia
1527 573 1628 621 edi-

310 649 451 698 s‘diffe.
475 647 656 709 Scripsit
673 649 720 695 &
737 645 888 694 laudes
912 645 1057 693 soluta
1077 646 1287 694 oratione
1308 646 1512 694 omnium
1532 649 1627 696 An-

329 724 598 773 toninorum
616 756 631 777 ,
657 719 736 780 qui
763 731 865 766 ante
889 735 991 765 eum
1019 717 1218 767 fuerunt.
1242 720 1440 766 Tantum
1474 733 1627 768 autem

330 794 598 845 Antoninos
617 790 793 849 dilexit,
813 804 862 837 ut
884 790 963 837 fibi
984 807 1169 854 quoque
1184 827 1198 850 ,
1222 802 1271 838 ut
1292 790 1421 838 multi
1439 791 1628 851 dicunt,

330 867 581 922 Antonini,
601 875 650 911 ut
677 864 881 927 pleriq-..e
911 876 1061 910 autem
1089 863 1280 910 afferunt
1299 867 1521 921 ‚Antonii
1541 879 1628 911 no-

270 931 273 937 ¹
329 959 435 991 men
456 936 746 1001 adscripserit.
767 937 860 983 Jam
877 935 1108 1002 illud-satis
1122 936 1312 992 constat,
1335 937 1461 998 quod
1478 935 1629 985 filium

330 1013 620 1062 Gordianum
641 1009 828 1055 nomine
848 1007 1100 1065 Antonini,
1131 1010 1179 1054 &
1203 1007 1327 1071 ligno
1355 1008 1626 1070 illustravit,

327 1104 432 1136 cum
463 1085 582 1147 apud
610 1081 870 1130 Praefefflim
901 1082 1044 1146 ae3rarii
1065 1117 1080 1138 ,
1112 1097 1240 1128 more
1267 1083 1480 1128 Romano
1513 1099 1627 1144 pro-

328 1160 463 1209 feffus
498 1155 671 1213 filium,
702 1154 897 1217 publicis
933 1153 1037 1200 aciis
1073 1153 1168 1212 ejus
1197 1169 1365 1199 nomen
1397 1154 1626 1204 insererer.

412 1235 472 1279 V.
511 1229 616 1277 Post
655 1227 935 1276 consulatum
957 1262 971 1282 ,
1007 1226 1256 1273 proconsul
1292 1225 1455 1274 Africae
1486 1226 1627 1277 sacius

329 1305 394 1355 est
412 1341 426 1364 ,
448 1301 757 1352 annitentibus
786 1298 984 1356 cun-Elis,
1007 1297 1084 1360 qui
1114 1297 1356 1344 Alexandri
1383 1298 1625 1360 imperium

331 1381 463 1429 etiam
490 1378 534 1424 in
558 1374 709 1423 Africa
739 1373 906 1421 clarum
936 1389 1016 1434 per
1040 1371 1329 1418 proconsulis
1362 1371 1626 1434 dignitatem

330 1450 485 1502 haberi
513 1462 646 1511 atque
679 1446 763 1494 efl'e
801 1446 1062 1493 voluerunt.
1090 1444 1242 1490 Exstat
1277 1443 1626 1507 epistola-ipsius

331 1522 598 1577 Alexandri,
626 1537 716 1584 qua
742 1517 921 1565 Senatui
950 1515 1108 1581 gratias
1133 1517 1246 1579 agit,
1265 1517 1392 1578 quod
1420 1518 1625 1564 Gordia-

318 1615 439 1648 -num
476 1596 530 1644 ad
567 1593 764 1640 Africam
794 1588 1116 1637 proconsulem
1147 1587 1465 1635 destinaverit:
1498 1589 1624 1651 cujus

330 1674 427 1723 hoc
457 1669 714 1731 exemplum
747 1666 840 1714 est:
877 1669 1016 1727 Neque
1040 1665 1202 1727 gratius
1230 1665 1333 1708 mihi
1366 1666 1588 1726 quidquam
1609 1701 1627 1724 ,

330 1750 476 1796 Patres
499 1745 743 1805 conscripti,
769 1759 892 1802 neque
916 1742 1077 1785 dulcius
1094 1736 1290 1798 potuistis
1310 1737 1477 1800 efficere,
1499 1755 1625 1799 quam

329 1837 379 1869 ut
408 1820 684 1866 Antoninum
710 1816 979 1861 Gordianum
1011 1810 1304 1871 Proconsulem
1334 1813 1395 1855 ad
1423 1811 1625 1870 Africam

332 1894 545 1941 mitteretis
561 1927 573 1948 ,
600 1891 739 1937 virum
766 1890 945 1934 nobilem
970 1884 1012 1932 ὃ
1030 1887 1349 1946 magnanimum
1364 1914 1376 1937 ‚
1399 1885 1591 1944 disertum
1607 1918 1626 1942 ,

317 1967 482 2032 justum
498 1998 512 2021 ,
540 1965 814 2008 continentem
829 1995 841 2018 ,
872 1962 1040 2005 bonum.
1063 1959 1112 2005 &
1137 1956 1322 2018 reliqua.
1348 1958 1413 2001 Ex
1435 1972 1527 2019 quo
1545 1973 1626 2022 ap·-

329 2051 484 2103 ρει-ετ,
512 2047 706 2098 quantus
742 2034 811 2080 vir
839 2047 895 2078 eo
937 2045 1140 2093 tempore
1175 2029 1438 2076 Gordianus
1472 2027 1624 2076 fuerit.

331 2115 518 2159 Amat'us
546 2107 607 2155 est
642 2108 697 2154 ab
725 2105 845 2152 Afris
869 2105 954 2161 ita,
980 2117 1030 2151 ut
1059 2118 1196 2150 nemo
1215 2116 1340 2149 antea
1364 2102 1625 2148 Proconsu-

329 2186 455 2233 lum:
476 2182 536 2229 ita
561 2195 609 2227 ut
637 2196 738 2226 eum
770 2178 842 2224 alii
873 2180 1132 2239 Scipionem,
1157 2179 1351 2222 Catonem
1371 2174 1469 2223 alii.
1493 2174 1624 2222 multi

330 2261 549 2313 Matium,
578 2271 629 2301 ac
660 2255 898 2308 Rutilium,
926 2264 1002 2297 aut
1033 2254 1201 2297 Laelfum
1232 2250 1443 2297 dicerem.
1472 2249 1624 2298 Exstat

331 2348 492 2380 eorum
514 2325 806 2382 acclamatio,
834 2340 933 2385 qua:-
953 2339 976 2368 a
999 2323 1132 2369 Junio
1156 2322 1200 2367 in
1223 2321 1369 2366 literas
1395 2320 1527 2367 relata
1549 2320 1626 2368 est.

332 2423 434 2452 nam
466 2419 568 2449 cum
597 2399 788 2463 quadam
822 2397 893 2443 die
929 2395 1093 2443 sachun
1125 2394 1462 2457 imperatorium
1501 2393 1623 2455 lege-

333 2493 401 2538 [ει
417 2514 435 2538 ,
469 2489 603 2541 atque
632 2492 656 2522 a
688 2470 1045 2524 proconsulibus
1072 2469 1358 2533 Scipionibus
1388 2467 1588 2532 coepisset
1605 2501 1624 2527 ,
