1714 2807
304 132 394 196 298
516 131 1386 183 AELIILAMPR1D11

300 259 428 300 nuper
432 239 555 299 fitila
563 234 685 300 'fitnt.
713 242 875 287 Milites
890 243 1103 299 Romani,
1118 245 1345 309 vestrisbcii
1358 279 1371 301 ,
1388 247 1468 290 mei
1483 255 1581 292 coni

299 314 525 357 tubernales
563 309 605 357 G·
636 314 959 369 commilitones,
992 331 1165 371 amant,
1197 331 1374 374 potant,
1406 321 1583 374 lavant,

306 385 540 431 Graecorum
580 405 687 432 more
712 389 832 432 etiam
865 391 1034 448 quidam
1052 389 1103 448 fi
1134 389 1377 449 instituunt:
1404 391 1478 436 hoc
1509 408 1582 451 ego

300 460 457 504 diutius
478 458 650 516 feram?
679 457 722 505 Θ
749 479 836 506 non
865 479 930 506 eos
961 463 1133 520 capitali
1167 464 1315 507 dedam
1331 464 1580 523 supplicio?

300 530 542 576 Tumultus
571 531 670 592 post
701 532 791 578 hoc
815 546 941 580 ortus
966 534 1040 580 est.
1073 538 1219 594 Atque
1252 535 1435 582 iterum:
1460 538 1581 598 Quin

300 606 516 648 continetis
545 622 705 660 vocem,
740 605 786 649 in
815 606 918 650 hello
946 621 1090 650 contra
1116 606 1291 670 hostem,
1322 625 1408 652 non
1438 623 1581 652 contra

300 677 586 734 Imperatorem
609 677 776 742 vestrum
806 674 1104 737 necessariam?
1135 692 1232 722 certe
1265 681 1582 738 campiduc‘lores

301 748 415 812 vestri
436 749 543 792 hanc
571 763 643 791 vos
676 749 897 792 docuerunt
916 763 1055 793 contra
1079 752 1314 803 Sarmatas,
1339 748 1380 795 G
1403 751 1580 795 Germa-

303 837 395 864 nos.
411 839 458 865 ac
479 822 627 881 Persas
647 822 819 866 emittere
833 840 852 877 ,·
869 839 956 866 non
981 837 1122 866 contra
1150 840 1237 866 eum
1253 857 1265 877 ,
1290 826 1357 883 qui
1377 839 1582 882 acceptam

301 913 328 938 a
352 895 680 952 provincialibus
705 913 948 947 annonam,
979 896 1048 954 qui
1083 894 1250 958 vestem,
1282 897 1352 955 qui
1365 895 1582 960 stipendia

300 969 416 1014 vobis
454 970 649 1013 attribuit.
692 971 902 1014 Continete
946 970 1073 1029 igitur
1104 985 1239 1013 vocem
1286 972 1582 1025 truculentam,

301 1058 446 1099 campo
466 1058 515 1085 ac
532 1042 648 1086 bellis
664 1039 923 1102 neceſjariam
940 1074 954 1096 ,
1006 1058 1056 1084 ne
1079 1057 1152 1085 vos
1184 1042 1301 1086 hodie
1328 1059 1465 1086 omnes
1499 1058 1583 1086 uno

301 1131 365 1157 ore
390 1129 507 1173 atque
529 1132 616 1159 una
636 1133 751 1170 voce,
787 1116 999 1176 Quirites,
1027 1115 1267 1160 dimittam:
1295 1112 1337 1161 G·
1359 1118 1552 1160 incertum
1567 1147 1584 1171 ,

301 1203 360 1229 an
400 1187 598 1246 Quirites.
627 1206 713 1232 non
751 1191 859 1232 enim
892 1189 1012 1249 digni
1049 1187 1168 1246 estis,
1207 1191 1277 1248 qui
1294 1193 1359 1234 vel
1382 1190 1584 1234 Romanae

298 1260 431 1318 plebis
439 1259 564 1321 sitis,
580 1260 630 1323 si
639 1261 711 1315 jus
742 1263 983 1307 Romanum
1009 1280 1092 1307 non
1121 1263 1361 1323 agnoscitis.

369 1334 483 1378 LlV.
517 1334 568 1377 Er
600 1350 700 1379 cum
739 1333 1045 1380 vehementius
1080 1333 1343 1389 fremerent,
1377 1350 1428 1381 ac
1460 1333 1583 1381 ferro

303 1420 487 1466 quoque
511 1404 809 1462 minarentur,
833 1408 1046 1466 Deponite
1068 1405 1259 1469 (inquit)
1276 1410 1468 1461 dextras,
1483 1425 1582 1453 cona

304 1492 367 1523 tra
390 1478 534 1543 bostem
561 1481 799 1539 erigendas,
813 1479 1004 1542 stfortes
1035 1480 1153 1543 estis.-
1181 1498 1242 1524 rne
1263 1483 1368 1525 enim
1395 1480 1469 1543 ista
1495 1498 1584 1525 nore

305 1567 458 1597 terrent.
483 1554 533 1596 Si
563 1555 668 1596 enim
696 1570 822 1598 unum
850 1554 1053 1598 hominem
1080 1554 1334 1608 occideritis,
1356 1572 1441 1598 non
1462 1555 1583 1600 nohis

304 1627 427 1669 deerit
455 1625 704 1684 respublica,
738 1643 824 1670 non
857 1629 1063 1680 Senatus,
1104 1644 1189 1670 non
1215 1629 1395 1686 populus
1423 1627 1585 1672 Roma-

304 1713 408 1751 nus,
436 1699 506 1756 qui
525 1715 586 1742 me
612 1699 660 1741 de
678 1698 794 1742 vobis
814 1699 1008 1742 vindicet.
1027 1697 1141 1742 Cum
1170 1695 1460 1742 nihilominus
1483 1695 1584 1759 post

304 1768 383 1815 ista
416 1768 682 1828 fremerent,
714 1770 1008 1827 exclamavit,
1037 1771 1249 1832 Quirites,
1269 1771 1482 1830 discedite,
1516 1785 1585 1816 at·

303 1862 379 1904 que
407 1862 525 1888 arma
557 1847 755 1904 deponite.
788 1844 999 1889 Mirando
1031 1844 1240 1904 exemplo
1275 1843 1484 1907 depositis
1515 1859 1583 1890 ar·

304 1916 389 1963 mis
403 1952 416 1973 ,
435 1917 642 1979 depofitis
662 1918 793 1964 etiam
815 1917 971 1979 sagulis
989 1916 1254 1964 militaribus
1269 1952 1283 1972 ,
1307 1932 1463 1964 omnes
1485 1933 1582 1965 non

305 1990 359 2036 ad
380 1989 513 2036 castra
528 2027 538 2047 ,
557 1990 626 2036 sed
648 1991 700 2036 ad
723 1990 968 2037 diversoria
991 1990 1113 2037 varia
1134 1989 1412 2037 recesserunt.
1427 1991 1581 2037 Tunc-

305 2079 393 2126 que
420 2062 610 2125 primum
640 2063 910 2109 intellectum
942 2063 1027 2118 est,
1056 2076 1271 2125 quantum
1302 2063 1395 2123 ejus
1417 2063 1582 2110 severi-

305 2148 370 2182 tas
390 2135 544 2198 poffet.
562 2135 771 2199 Denique
783 2136 913 2182 etiam
939 2136 1056 2199 figna
1082 2135 1328 2198 stipatores,
1350 2137 1398 2184 δι
1423 2135 1478 2192 ii,
1500 2134 1581 2198 qui

306 2210 624 2271 Imperatorem
649 2208 1060 2265 circumdederant,
1082 2209 1126 2254 in
1154 2209 1290 2256 castra
1310 2209 1584 2256 retulerunt:

306 2298 425 2328 arma
459 2281 641 2328 colleEla
672 2281 866 2344 populus
894 2281 947 2327 ad
979 2281 1193 2339 Pala-tium
1227 2281 1354 2328 tulit:
1380 2297 1475 2327 eam
1509 2292 1581 2326 ta-

305 2371 409 2401 men
442 2354 690 2418 legionem,
714 2371 844 2417 quam
876 2354 1213 2409 exaudloravit,
1246 2366 1453 2416 rogatus,
1478 2350 1580 2412 post

305 2427 399 2475 dies
420 2428 624 2494 triginta,
643 2427 899 2494 priusquam
923 2427 977 2476 ad
1000 2428 1337 2492 expeditionem
1363 2423 1584 2485 Perficam
