1637 2785
247 168 744 216 ALEXANDER
791 169 1172 217 SEVERUS.
1273 174 1359 232 265

87 294 131 324 ut
161 279 473 322 Antoninorum
504 293 653 320 nomen
692 277 934 336 acciperem:
970 279 1131 338 aliquid
1165 279 1271 323 enlm
1305 282 1370 323 vel

86 351 288 412 affinitati
321 349 540 406 deferrem,
575 353 641 394 vel
670 351 875 410 consortio
907 353 1090 396 nominis
1125 353 1368 411 imperialis.

87 425 242 485 Magni
266 441 353 468 vero
383 440 529 467 nomen
557 440 628 467 cur
652 424 886 481 accipitur?
910 424 1011 482 quid
1035 427 1140 468 enim
1156 426 1253 478 jam
1278 444 1368 470 ma-

87 494 308 556 gnumfeci
322 496 346 539 :³
364 513 453 539 cum
477 497 524 538 id
550 495 898 560 Alexanderpost
919 512 1071 555 magna
1086 495 1190 559 gesta
1204 531 1216 549 ‚
1239 498 1371 541 Pom·

80 567 206 627 pejus
233 585 323 611 vero
348 567 440 630 post
458 583 631 626 magnos
655 569 912 626 triumphos,
939 571 1144 627 acceperit.
1175 570 1371 629 Quiesci-

88 656 125 684 te
141 642 267 701 igitur
280 674 294 694 ‚
313 641 532 684 venerandi
551 640 699 683 Patres
715 674 729 694 ,
747 637 789 684 δ’
809 656 883 684 vos
904 639 985 701 ipfi
999 642 1210 702 magnifici
1237 660 1368 686 unum

89 731 149 759 me
182 717 230 759 de
256 717 371 760 vobis
400 712 473 778 effi
498 713 644 773 censete
670 715 841 774 potius,
877 732 1000 774 quam
1031 717 1189 776 Magni
1221 733 1369 760 nomen

91 804 273 848 Ingerlle·

177 861 279 907 ΧΠ.
304 859 405 906 Post
427 860 524 906 h'aec
555 859 847 906 acclamatum
873 858 965 906 est:
990 862 1141 905 Aureli
1172 864 1373 909 Alexan-

91 937 160 978 der
175 935 359 997 Auguste
375 968 388 991 ‚
413 936 500 979 Dii
527 949 563 980 te
582 935 758 994 servent.
782 935 830 980 δε
857 933 1024 995 reliqua
1054 950 1105 979 ex
1127 950 1266 979 more.
1288 934 1377 981 Di-

90 1006 220 1052 miss'o
244 1009 428 1063 Senam,
453 1022 553 1053 cum
579 1006 630 1053 &
660 1005 741 1051 alia
764 1006 900 1051 multa
926 1021 981 1051 eo
1003 1005 1074 1051 die
1094 1005 1228 1052 effent
1254 1007 1375 1063 aeta,

92 1077 212 1141 quali
238 1077 515 1139 triumphans
540 1077 726 1123 domum
753 1077 795 1123 se
824 1078 1009 1139 recepit.
1038 1077 1182 1124 multo
1207 1078 1373 1125 clarior

93 1150 219 1200 visus
247 1150 309 1196 est
341 1150 495 1197 alienis
528 1150 788 1197 nominibus
816 1166 911 1196 non
943 1149 1154 1212 receptis,
1183 1167 1314 1213 quam
1343 1151 1374 1198 fi

91 1222 340 1284 recepiffet.
371 1237 503 1285 atque
528 1239 582 1268 ex
603 1239 660 1270 eo
692 1223 953 1270 constantiae
983 1240 1034 1270 ac
1064 1224 1207 1285 plenae
1231 1224 1374 1287 gravi-

91 1297 194 1343 tatis
222 1296 379 1343 famam
418 1297 629 1344 obtinuit.
657 1297 870 1360 siquidem
896 1298 974 1344 uni
1004 1297 1273 1345 adolescenti
1301 1300 1377 1345 Se-

91 1382 220 1417 natus
243 1383 364 1416 totus
386 1369 652 1432 persuadere
673 1387 766 1416 non
791 1370 953 1433 potuit.
974 1371 1059 1416 Sed
1079 1371 1284 1433 quamvis
1302 1371 1376 1417 Se-

91 1455 199 1489 natu
225 1456 410 1506 rogante
444 1459 537 1488 non
565 1444 764 1505 potuerit
797 1443 1072 1506 persuaderi,
1104 1457 1154 1488 ut
1183 1443 1256 1489 vel
1285 1446 1377 1489 An—

93 1513 241 1560 tonini
269 1513 341 1560 vel
371 1513 525 1577 Magni
549 1514 732 1560 nomina
759 1513 998 1577 susciperet
1017 1530 1030 1569 ;
1051 1529 1200 1560 tamen
1222 1515 1283 1560 ob
1304 1515 1377 1560 in·

94 1599 272 1650 gentem
296 1585 498 1649 vigorem
524 1586 660 1632 animi
684 1588 732 1633 &
754 1586 1000 1633 mirandam
1023 1587 1376 1650 singularemque

94 1659 390 1706 constantiam
411 1670 569 1706 contra
589 1658 779 1704 militum
798 1658 1079 1705 insolentiam
1095 1693 1109 1716 ,
1127 1660 1266 1704 Severi
1293 1674 1377 1704 no-

94 1749 198 1778 men
222 1749 245 1778 a
264 1730 479 1777 militibus
498 1730 641 1778 eidem
666 1730 853 1777 inditum
877 1731 962 1777 est:
991 1731 1114 1794 quod
1137 1728 1202 1775 illi
1218 1730 1377 1793 ingen-

94 1819 183 1852 tem
211 1805 257 1852 in
281 1804 507 1867 praesentia
528 1803 825 1850 reverentiam
841 1840 852 1860 ‚
868 1820 1070 1866 magnam
1092 1803 1206 1864 apud
1227 1801 1375 1863 poste-

93 1894 170 1925 ros
194 1878 379 1940 glot-iarn
408 1876 606 1938 peperit3
629 1892 730 1922 cum
765 1892 820 1922 eo
863 1874 1118 1928 acceffiss‘et,
1137 1887 1185 1919 ut
1210 1873 1262 1919 de
1284 1873 1375 1919 ani-

95 1953 158 2001 mi
186 1951 353 1998 virtute
378 1967 544 1998 nomen
573 1949 820 2012 acceperit:
844 1949 1054 2012 siquidem
1080 1947 1196 1994 solus
1216 1946 1376 1993 inven-

95 2038 165 2071 tus
195 2023 273 2082 fit,
307 2023 382 2087 qui
415 2022 738 2070 tumultuantes
773 2022 974 2085 legiones
999 2020 1376 2067 exaudioraverit·

92 2110 143 2142 ut
167 2095 247 2142 suo
271 2095 380 2143 loco
404 2094 690 2149 ostendetur3
721 2094 767 2141 in
801 2095 962 2141 milites
993 2106 1140 2140 autem
1176 2090 1376 2156 graviffi-

94 2186 166 2216 me
190 2168 582 2226 animadverterit,
610 2168 688 2231 qui
720 2168 836 2216 forte
866 2169 1150 2216 incurrerunt
1180 2164 1376 2226 aliquid,

95 2243 221 2306 quod
246 2242 472 2291 videretur
492 2242 729 2304 injustum3
752 2254 803 2289 ut
826 2245 875 2290 &
901 2241 1045 2305 ipsum
1065 2240 1176 2288 locis
1198 2238 1281 2286 suis
1301 2238 1376 2285 de-

95 2314 374 2364 clai-abimus.

162 2388 280 2435 ΧΙΙΙ.
303 2386 473 2435 Omina
494 2386 670 2450 imperii
689 2387 787 2435 haec
805 2385 988 2433 habuit:
1011 2384 1202 2447 primum
1216 2418 1229 2441 ‚
1248 2381 1375 2444 quod

97 2474 148 2506 ea
172 2458 242 2506 die
272 2471 396 2506 natus
421 2458 507 2516 est,
531 2475 619 2523 qua
651 2458 881 2507 defunflus
906 2456 1001 2505 vita
1026 2458 1215 2520 Magnus
1237 2454 1372 2501 Alex-
