1637 2785
329 140 688 190 ANTONINUS
724 138 1138 188 CARACALLUS.
1248 147 1254 157 ”
1294 153 1378 203 193

168 249 225 298 V.
252 248 333 296 His
355 247 480 311 gestis
503 245 696 293 Galliam
724 245 874 306 petiit:
898 258 1028 309 atque
1051 258 1100 293 ut
1127 244 1321 310 primum
1339 247 1388 296 in

103 341 201 371 eam
251 323 403 379 venit,
451 318 790 367 Narbonensem
832 319 1171 367 proconsulem
1202 321 1392 372 occidit.

104 396 287 444 Cunctis
306 393 463 440 deinde
490 390 674 438 turbatis
692 427 705 448 ,
729 391 805 453 qui
827 390 872 437 in
898 391 1043 438 Gallia
1065 409 1132 439 res
1153 393 1394 456 gerebantj

105 469 261 516 odium
287 465 587 531 tyrannicum
605 464 791 520 meruit,
817 463 1022 526 quamvis
1043 464 1284 528 aliquando
1306 467 1392 515 fin-

107 554 228 606 geret
257 540 299 587 se
332 539 572 601 benignum
591 572 605 595 ‚
638 553 738 584 cum
769 536 873 583 effet
912 548 1067 584 natura
1095 539 1395 592 truculentus.

106 617 163 662 Et
186 632 286 662 cum
314 614 451 660 multa
481 624 638 660 contra
663 610 866 657 homines
892 612 941 659 &
967 623 1125 659 contra
1152 610 1248 673 jura
1276 614 1395 662 civi·

107 700 248 734 tatum
279 686 470 744 fecisset,
496 685 660 731 morbo
695 684 939 746 implicitus
976 685 1175 748 graviter
1210 686 1394 733 labora-

108 761 192 807 vit.
211 760 342 807 Circa
363 776 468 815 eos,
483 758 558 822 qui
579 775 677 804 eum
700 759 912 804 curabant
926 794 938 815 ,
953 758 1273 805 crudeliffimus
1292 758 1393 807 fuit.

107 833 286 881 Deinde
310 832 363 878 ad
386 830 620 878 Orientem
650 829 974 891 profectionem
1005 847 1163 892 parans
1181 866 1194 887 ‚
1229 832 1393 880 omisso

108 906 267 953 itinere
297 904 342 950 in
376 904 521 951 Dacia
547 902 717 950 resedit.
748 903 878 950 Circa
902 904 1121 949 Rhaetiam
1154 921 1247 952 non
1281 922 1398 967 pau-2

110 994 191 1026 cos
214 977 430 1024 Barbaros
461 976 714 1032 interemit,
745 976 986 1039 militesque
1015 977 1114 1022 suos
1140 977 1259 1040 quasi
1293 979 1397 1025 Sul-

111 1052 167 1098 lae
201 1051 361 1097 milites
398 1053 446 1097 δι
480 1051 745 1095 cohortatus
768 1048 852 1099 est,
873 1050 922 1095 &
945 1049 1151 1096 donavit.
1182 1050 1394 1098 Deorum

113 1123 215 1170 sane
244 1121 284 1167 se
312 1122 571 1167 nominibus
596 1121 806 1181 appellari
830 1121 997 1177 vetuit,
1019 1121 1143 1183 quod
1169 1123 1398 1169 Commo-

114 1197 197 1242 dus
226 1192 413 1248 fecerat;
450 1207 550 1237 cum
581 1190 644 1235 illi
679 1206 810 1246 eum,
841 1190 964 1251 quod
993 1192 1170 1237 leonem
1202 1191 1400 1256 aliasque

116 1270 230 1318 feras
261 1265 514 1321 occidisset,
544 1265 781 1311 Herculem
816 1264 1028 1313 dicerent.
1056 1266 1110 1312 Et
1149 1283 1249 1312 cum
1279 1268 1402 1314 Ger-

115 1356 275 1389 manos
312 1336 566 1400 subegisset,
609 1338 902 1383 Germanicum
939 1336 981 1382 se
1018 1337 1291 1399 appellavit,
1330 1339 1404 1386 vel

115 1415 226 1477 joco
242 1449 255 1469 ,
277 1411 350 1459 vel
370 1410 510 1466 serio,
529 1422 578 1456 ut
599 1425 692 1456 erat
714 1409 866 1455 stultus
889 1411 936 1457 &
957 1409 1136 1456 demens
1152 1427 1165 1466 ς
1180 1410 1368 1458 afferens
1385 1446 1402 1470 ,

117 1487 150 1534 fi
172 1488 378 1532 Lucanos
405 1481 575 1530 viciffet
590 1518 602 1540 ‚
631 1485 883 1527 Lucanicum
906 1481 945 1526 se
961 1482 1288 1544 appellandum.
1308 1484 1407 1535 Da-¹

119 1559 257 1606 mnati
282 1558 380 1604 sunt
397 1572 453 1604 eo
480 1568 711 1617 tempore,
742 1555 818 1616 qui
846 1554 1019 1600 urinam
1044 1554 1089 1600 in
1116 1569 1171 1601 eo
1201 1555 1310 1602 loco
1340 1555 1408 1603 fe-⁴

121 1644 280 1679 cerunt
296 1666 308 1687 ‚
327 1630 373 1675 in
389 1645 484 1691 quo
505 1628 669 1684 statuae‚
689 1640 765 1674 aut
784 1626 994 1689 imagines
1016 1641 1138 1674 erant
1158 1629 1405 1692 Principis:

122 1705 173 1752 &
191 1703 268 1766 qui
289 1718 482 1749 coronas
502 1694 769 1762 imaginibus
798 1699 889 1760 ejus
911 1699 1211 1759 detraxerant,
1231 1715 1280 1748 ut
1300 1703 1406 1750 alias

123 1786 360 1840 ponerent.
388 1774 603 1820 Damnati
639 1772 738 1818 sunt
767 1773 815 1819 &
850 1771 926 1834 qui
953 1773 1146 1819 remedia
1178 1776 1408 1835 quartanis

122 1848 411 1909 tertianisque
451 1847 575 1893 collo
610 1862 785 1892 annexa
821 1846 1050 1907 gestarent.
1079 1847 1161 1892 Per
1192 1847 1419 1896 Thracias.

124 1938 227 1969 cum
252 1919 464 1966 Praefecto
489 1918 686 1980 praetorii
703 1919 786 1965 iter
806 1918 925 1966 fecit.
945 1920 1049 1965 Inde
1069 1936 1168 1966 cum
1193 1920 1237 1966 in
1259 1922 1407 1971 Afiam

122 1993 374 2054 trajiceret,
401 1991 615 2055 naufragii
644 1991 890 2053 periculum
922 1990 1030 2036 adiit
1049 2027 1061 2047 ,
1089 2005 1282 2040 antenna
1319 1994 1410 2042 fra-

128 2068 223 2123 cia,
252 2065 309 2111 ita
345 2077 393 2110 ut
425 2064 470 2109 in
503 2063 703 2124 scapham
737 2080 837 2110 cum
869 2063 1197 2124 protec‘ioribus
1231 2066 1411 2115 descen·

129 2140 267 2185 deret.
290 2137 407 2182 unde
435 2136 479 2182 in
500 2137 722 2182 triremem
742 2153 763 2182 a
781 2136 994 2182 Praefecto
1018 2137 1157 2184 claffis
1177 2155 1379 2202 receptus
1393 2176 1411 2200 ,

131 2210 281 2258 evasit.
315 2208 503 2270 Excepit
548 2225 680 2270 apros
721 2207 1000 2271 frequenter,
1036 2224 1194 2256 contra
1232 2211 1412 2262 leonem

131 2284 264 2331 etiam
291 2281 429 2327 stetit:
454 2297 547 2342 quo
571 2281 703 2328 etiam
725 2282 856 2328 miffis
882 2283 937 2328 ad
962 2283 1130 2330 amicos
1155 2284 1290 2331 literis
1314 2286 1411 2349 glo-

133 2358 268 2403 riatus
293 2353 382 2411 est,
402 2354 532 2418 seque
558 2355 613 2402 ad
637 2355 844 2404 Herculis
873 2355 1085 2406 virtutem
1108 2357 1323 2405 acceffiffe
1345 2358 1414 2421 jaza

135 2431 288 2479 elavit.

234 2504 402 2567 Scriptt.
432 2502 494 2551 H.
526 2503 592 2554 Α.
1080 2500 1126 2546 N
