<?xml version="1.0" encoding="UTF-8"?>
<!DOCTYPE html PUBLIC "-//W3C//DTD XHTML 1.0 Transitional//EN"
    "http://www.w3.org/TR/xhtml1/DTD/xhtml1-transitional.dtd">
<html xmlns="http://www.w3.org/1999/xhtml" xml:lang="en" lang="en">
 <head>
  <title>
</title>
<meta http-equiv="Content-Type" content="text/html;charset=utf-8" />
  <meta name='ocr-system' content='tesseract 3.04.00' />
  <meta name='ocr-capabilities' content='ocr_page ocr_carea ocr_par ocr_line ocrx_word'/>
</head>
<body>
  <div class='ocr_page' id='page_1' title='image "./historiaeaugusta00bipouoft_0314.png"; bbox 0 0 1714 2807; ppageno 0'>
   <div class='ocr_carea' id='block_1_1' title="bbox 320 153 1396 215">
    <p class='ocr_par' dir='ltr' id='par_1_1' title="bbox 320 153 1396 215">
     <span class='ocr_line' id='line_1_1' title="bbox 320 153 1396 215; baseline -0.002 -13"><span class='ocrx_word' id='word_1_1' title='bbox 320 156 411 215; x_wconf 65' lang='lat'>233</span> <span class='ocrx_word' id='word_1_2' title='bbox 526 154 753 199; x_wconf 80' lang='lat' dir='ltr'>AEL11</span> <span class='ocrx_word' id='word_1_3' title='bbox 820 153 1396 200; x_wconf 77' lang='lat' dir='ltr'>LAMPRIDII</span> 
     </span>
    </p>
   </div>
   <div class='ocr_carea' id='block_1_2' title="bbox 319 258 1620 2510">
    <p class='ocr_par' dir='ltr' id='par_1_2' title="bbox 319 258 1606 825">
     <span class='ocr_line' id='line_1_2' title="bbox 321 258 1602 322; baseline 0.001 -16"><span class='ocrx_word' id='word_1_4' title='bbox 321 258 488 306; x_wconf 74' lang='lat' dir='ltr'>eulatia</span> <span class='ocrx_word' id='word_1_5' title='bbox 527 261 576 305; x_wconf 89' lang='lat'>&amp;</span> <span class='ocrx_word' id='word_1_6' title='bbox 615 258 895 304; x_wconf 81' lang='lat' dir='ltr'>audientibus</span> <span class='ocrx_word' id='word_1_7' title='bbox 935 258 1130 306; x_wconf 83' lang='lat' dir='ltr'>dominis</span> <span class='ocrx_word' id='word_1_8' title='bbox 1170 259 1458 317; x_wconf 88' lang='lat' dir='ltr'>dicerentur,</span> <span class='ocrx_word' id='word_1_9' title='bbox 1503 275 1602 322; x_wconf 82' lang='lat' dir='ltr'>quae</span> 
     </span>
     <span class='ocr_line' id='line_1_3' title="bbox 320 332 1601 395; baseline 0.002 -17"><span class='ocrx_word' id='word_1_10' title='bbox 320 333 413 394; x_wconf 86' lang='lat' dir='ltr'>ipse</span> <span class='ocrx_word' id='word_1_11' title='bbox 433 332 748 393; x_wconf 80' lang='lat' dir='ltr'>composuerat</span> <span class='ocrx_word' id='word_1_12' title='bbox 765 368 777 389; x_wconf 91' lang='lat'>‚</span> <span class='ocrx_word' id='word_1_13' title='bbox 797 334 845 380; x_wconf 91' lang='lat'>&amp;</span> <span class='ocrx_word' id='word_1_14' title='bbox 869 334 1031 379; x_wconf 83' lang='lat' dir='ltr'>Graeca</span> <span class='ocrx_word' id='word_1_15' title='bbox 1060 332 1264 380; x_wconf 81' lang='lat' dir='ltr'>maxime.</span> <span class='ocrx_word' id='word_1_16' title='bbox 1290 335 1467 380; x_wconf 88' lang='lat' dir='ltr'>Horum</span> <span class='ocrx_word' id='word_1_17' title='bbox 1505 335 1601 395; x_wconf 88' lang='lat' dir='ltr'>ple-</span> 
     </span>
     <span class='ocr_line' id='line_1_4' title="bbox 319 405 1602 468; baseline -0.002 -15"><span class='ocrx_word' id='word_1_18' title='bbox 319 423 458 468; x_wconf 85' lang='lat' dir='ltr'>raque</span> <span class='ocrx_word' id='word_1_19' title='bbox 487 405 657 452; x_wconf 87' lang='lat' dir='ltr'>Marius</span> <span class='ocrx_word' id='word_1_20' title='bbox 685 405 910 451; x_wconf 84' lang='lat' dir='ltr'>Maximus</span> <span class='ocrx_word' id='word_1_21' title='bbox 940 405 1049 450; x_wconf 90' lang='lat' dir='ltr'>dicit</span> <span class='ocrx_word' id='word_1_22' title='bbox 1078 406 1123 450; x_wconf 89' lang='lat' dir='ltr'>in</span> <span class='ocrx_word' id='word_1_23' title='bbox 1153 406 1245 451; x_wconf 88' lang='lat' dir='ltr'>vita</span> <span class='ocrx_word' id='word_1_24' title='bbox 1274 405 1406 466; x_wconf 79' lang='lat' dir='ltr'>ipsius</span> <span class='ocrx_word' id='word_1_25' title='bbox 1442 405 1602 451; x_wconf 88' lang='lat' dir='ltr'>Helio·</span> 
     </span>
     <span class='ocr_line' id='line_1_5' title="bbox 320 478 1603 542; baseline 0.002 -18"><span class='ocrx_word' id='word_1_26' title='bbox 320 479 475 542; x_wconf 84' lang='lat' dir='ltr'>gabali.</span> <span class='ocrx_word' id='word_1_27' title='bbox 509 479 644 525; x_wconf 81' lang='lat' dir='ltr'>Erant</span> <span class='ocrx_word' id='word_1_28' title='bbox 667 478 798 526; x_wconf 89' lang='lat' dir='ltr'>amici</span> <span class='ocrx_word' id='word_1_29' title='bbox 831 478 1058 539; x_wconf 86' lang='lat' dir='ltr'>improbi,</span> <span class='ocrx_word' id='word_1_30' title='bbox 1087 481 1134 525; x_wconf 88' lang='lat'>&amp;</span> <span class='ocrx_word' id='word_1_31' title='bbox 1164 478 1283 524; x_wconf 84' lang='lat' dir='ltr'>senes</span> <span class='ocrx_word' id='word_1_32' title='bbox 1311 479 1521 540; x_wconf 83' lang='lat' dir='ltr'>quidam,</span> <span class='ocrx_word' id='word_1_33' title='bbox 1552 480 1603 527; x_wconf 86' lang='lat'>&amp;</span> 
     </span>
     <span class='ocr_line' id='line_1_6' title="bbox 319 550 1606 614; baseline 0 -16"><span class='ocrx_word' id='word_1_34' title='bbox 319 551 468 614; x_wconf 84' lang='lat' dir='ltr'>specie</span> <span class='ocrx_word' id='word_1_35' title='bbox 486 550 769 614; x_wconf 88' lang='lat' dir='ltr'>philosophi,</span> <span class='ocrx_word' id='word_1_36' title='bbox 788 552 864 613; x_wconf 87' lang='lat' dir='ltr'>qui</span> <span class='ocrx_word' id='word_1_37' title='bbox 885 565 1016 612; x_wconf 77' lang='lat' dir='ltr'>caput</span> <span class='ocrx_word' id='word_1_38' title='bbox 1031 552 1221 597; x_wconf 87' lang='lat' dir='ltr'>reticulo</span> <span class='ocrx_word' id='word_1_39' title='bbox 1244 566 1574 614; x_wconf 85' lang='lat' dir='ltr'>componerent</span> <span class='ocrx_word' id='word_1_40' title='bbox 1593 588 1606 607; x_wconf 88' lang='lat'>,</span> 
     </span>
     <span class='ocr_line' id='line_1_7' title="bbox 322 623 1606 688; baseline 0.001 -18"><span class='ocrx_word' id='word_1_41' title='bbox 322 625 401 688; x_wconf 85' lang='lat' dir='ltr'>qui</span> <span class='ocrx_word' id='word_1_42' title='bbox 430 625 636 685; x_wconf 85' lang='lat' dir='ltr'>improba</span> <span class='ocrx_word' id='word_1_43' title='bbox 667 624 868 686; x_wconf 83' lang='lat' dir='ltr'>quaedam</span> <span class='ocrx_word' id='word_1_44' title='bbox 909 623 998 685; x_wconf 87' lang='lat' dir='ltr'>pati</span> <span class='ocrx_word' id='word_1_45' title='bbox 1028 624 1070 668; x_wconf 88' lang='lat' dir='ltr'>se</span> <span class='ocrx_word' id='word_1_46' title='bbox 1100 625 1327 679; x_wconf 82' lang='lat' dir='ltr'>dicerent,</span> <span class='ocrx_word' id='word_1_47' title='bbox 1361 627 1437 686; x_wconf 85' lang='lat' dir='ltr'>qui</span> <span class='ocrx_word' id='word_1_48' title='bbox 1472 625 1606 671; x_wconf 54' lang='lat' dir='ltr'>niari-</span> 
     </span>
     <span class='ocr_line' id='line_1_8' title="bbox 322 694 1606 756; baseline 0 -14"><span class='ocrx_word' id='word_1_49' title='bbox 322 710 396 742; x_wconf 86' lang='lat' dir='ltr'>tos</span> <span class='ocrx_word' id='word_1_50' title='bbox 425 697 466 742; x_wconf 87' lang='lat' dir='ltr'>se</span> <span class='ocrx_word' id='word_1_51' title='bbox 500 697 659 741; x_wconf 85' lang='lat' dir='ltr'>habere</span> <span class='ocrx_word' id='word_1_52' title='bbox 692 695 931 752; x_wconf 58' lang='lat' dir='ltr'>jaflarent:</span> <span class='ocrx_word' id='word_1_53' title='bbox 963 700 1084 755; x_wconf 70' lang='lat' dir='ltr'>*quos</span> <span class='ocrx_word' id='word_1_54' title='bbox 1116 696 1295 756; x_wconf 82' lang='lat' dir='ltr'>quidam</span> <span class='ocrx_word' id='word_1_55' title='bbox 1332 694 1504 741; x_wconf 76' lang='lat' dir='ltr'>finxiffe</span> <span class='ocrx_word' id='word_1_56' title='bbox 1537 697 1606 742; x_wconf 88' lang='lat' dir='ltr'>di-</span> 
     </span>
     <span class='ocr_line' id='line_1_9' title="bbox 322 765 1544 825; baseline 0 -11"><span class='ocrx_word' id='word_1_57' title='bbox 322 781 433 814; x_wconf 87' lang='lat' dir='ltr'>cunt</span> <span class='ocrx_word' id='word_1_58' title='bbox 450 803 465 825; x_wconf 89' lang='lat'>,</span> <span class='ocrx_word' id='word_1_59' title='bbox 489 781 539 813; x_wconf 89' lang='lat' dir='ltr'>ut</span> <span class='ocrx_word' id='word_1_60' title='bbox 558 767 622 814; x_wconf 81' lang='lat' dir='ltr'>illi</span> <span class='ocrx_word' id='word_1_61' title='bbox 644 765 801 812; x_wconf 86' lang='lat' dir='ltr'>fierent</span> <span class='ocrx_word' id='word_1_62' title='bbox 824 766 1041 812; x_wconf 86' lang='lat' dir='ltr'>vitiorum</span> <span class='ocrx_word' id='word_1_63' title='bbox 1065 766 1316 813; x_wconf 73' lang='lat' dir='ltr'>imitatione</span> <span class='ocrx_word' id='word_1_64' title='bbox 1336 768 1544 814; x_wconf 87' lang='lat' dir='ltr'>cariores.</span> 
     </span>
    </p>

    <p class='ocr_par' dir='ltr' id='par_1_3' title="bbox 322 837 1617 2062">
     <span class='ocr_line' id='line_1_10' title="bbox 389 837 1608 903; baseline 0.001 -18"><span class='ocrx_word' id='word_1_65' title='bbox 389 840 489 886; x_wconf 79' lang='grc' dir='ltr'>ΧΠ.</span> <span class='ocrx_word' id='word_1_66' title='bbox 519 839 586 885; x_wconf 83' lang='lat' dir='ltr'>Ad</span> <span class='ocrx_word' id='word_1_67' title='bbox 627 837 935 885; x_wconf 64' lang='lat' dir='ltr'>praefecturam</span> <span class='ocrx_word' id='word_1_68' title='bbox 977 839 1176 900; x_wconf 85' lang='lat' dir='ltr'>praetorii</span> <span class='ocrx_word' id='word_1_69' title='bbox 1217 839 1487 896; x_wconf 76' lang='lat' dir='ltr'>saltatorem,</span> <span class='ocrx_word' id='word_1_70' title='bbox 1531 839 1608 903; x_wconf 88' lang='lat' dir='ltr'>qui</span> 
     </span>
     <span class='ocr_line' id='line_1_11' title="bbox 322 910 1608 965; baseline 0.001 -8"><span class='ocrx_word' id='word_1_71' title='bbox 322 911 629 957; x_wconf 82' lang='lat' dir='ltr'>histrionicam</span> <span class='ocrx_word' id='word_1_72' title='bbox 666 912 825 956; x_wconf 78' lang='lat' dir='ltr'>Romae</span> <span class='ocrx_word' id='word_1_73' title='bbox 865 910 1051 965; x_wconf 85' lang='lat' dir='ltr'>fecerat,</span> <span class='ocrx_word' id='word_1_74' title='bbox 1095 911 1304 958; x_wconf 78' lang='lat' dir='ltr'>adscivit:</span> <span class='ocrx_word' id='word_1_75' title='bbox 1347 912 1608 958; x_wconf 59' lang='lat' dir='ltr'>Praefefilum</span> 
     </span>
     <span class='ocr_line' id='line_1_12' title="bbox 325 983 1607 1047; baseline 0.002 -17"><span class='ocrx_word' id='word_1_76' title='bbox 325 984 515 1047; x_wconf 81' lang='lat' dir='ltr'>vigilum</span> <span class='ocrx_word' id='word_1_77' title='bbox 544 983 769 1030; x_wconf 77' lang='lat' dir='ltr'>Gordium</span> <span class='ocrx_word' id='word_1_78' title='bbox 795 983 989 1047; x_wconf 81' lang='lat' dir='ltr'>aurigam</span> <span class='ocrx_word' id='word_1_79' title='bbox 1021 983 1146 1030; x_wconf 88' lang='lat' dir='ltr'>fecit:</span> <span class='ocrx_word' id='word_1_80' title='bbox 1175 983 1434 1030; x_wconf 62' lang='lat' dir='ltr'>Praefeelum</span> <span class='ocrx_word' id='word_1_81' title='bbox 1466 1001 1607 1032; x_wconf 82' lang='lat' dir='ltr'>anno·</span> 
     </span>
     <span class='ocr_line' id='line_1_13' title="bbox 325 1056 1610 1122; baseline 0.001 -19"><span class='ocrx_word' id='word_1_82' title='bbox 325 1075 395 1103; x_wconf 68' lang='lat' dir='ltr'>nat</span> <span class='ocrx_word' id='word_1_83' title='bbox 423 1057 659 1103; x_wconf 73' lang='lat' dir='ltr'>Claudium</span> <span class='ocrx_word' id='word_1_84' title='bbox 679 1056 940 1103; x_wconf 79' lang='lat' dir='ltr'>Censorem.</span> <span class='ocrx_word' id='word_1_85' title='bbox 967 1057 1020 1102; x_wconf 93' lang='lat' dir='ltr'>ad</span> <span class='ocrx_word' id='word_1_86' title='bbox 1048 1056 1247 1103; x_wconf 84' lang='lat' dir='ltr'>honores</span> <span class='ocrx_word' id='word_1_87' title='bbox 1274 1057 1473 1121; x_wconf 69' lang='lat' dir='ltr'>reliquos</span> <span class='ocrx_word' id='word_1_88' title='bbox 1501 1074 1610 1122; x_wconf 89' lang='lat' dir='ltr'>pro-</span> 
     </span>
     <span class='ocr_line' id='line_1_14' title="bbox 325 1129 1612 1191; baseline 0.001 -15"><span class='ocrx_word' id='word_1_89' title='bbox 325 1130 499 1183; x_wconf 67' lang='lat' dir='ltr'>movit,</span> <span class='ocrx_word' id='word_1_90' title='bbox 541 1130 882 1176; x_wconf 82' lang='lat' dir='ltr'>commendatos</span> <span class='ocrx_word' id='word_1_91' title='bbox 923 1129 1002 1176; x_wconf 87' lang='lat' dir='ltr'>fibi</span> <span class='ocrx_word' id='word_1_92' title='bbox 1041 1130 1307 1191; x_wconf 85' lang='lat' dir='ltr'>pudibilium</span> <span class='ocrx_word' id='word_1_93' title='bbox 1344 1132 1612 1179; x_wconf 83' lang='lat' dir='ltr'>enormitate</span> 
     </span>
     <span class='ocr_line' id='line_1_15' title="bbox 324 1202 1609 1251; baseline 0.002 -3"><span class='ocrx_word' id='word_1_94' title='bbox 324 1203 658 1249; x_wconf 73' lang='lat' dir='ltr'>membrorum:</span> <span class='ocrx_word' id='word_1_95' title='bbox 679 1203 732 1249; x_wconf 83' lang='lat' dir='ltr'>ad</span> <span class='ocrx_word' id='word_1_96' title='bbox 756 1202 1007 1249; x_wconf 68' lang='lat' dir='ltr'>vicesimam</span> <span class='ocrx_word' id='word_1_97' title='bbox 1040 1203 1330 1250; x_wconf 87' lang='lat' dir='ltr'>hereditatum</span> <span class='ocrx_word' id='word_1_98' title='bbox 1363 1205 1609 1251; x_wconf 88' lang='lat' dir='ltr'>mulionem</span> 
     </span>
     <span class='ocr_line' id='line_1_16' title="bbox 324 1274 1610 1336; baseline -0.001 -13"><span class='ocrx_word' id='word_1_99' title='bbox 324 1292 482 1323; x_wconf 76' lang='lat' dir='ltr'>curare</span> <span class='ocrx_word' id='word_1_100' title='bbox 501 1274 643 1336; x_wconf 68' lang='lat' dir='ltr'>justit,</span> <span class='ocrx_word' id='word_1_101' title='bbox 664 1277 713 1322; x_wconf 77' lang='grc' dir='ltr'>δι</span> <span class='ocrx_word' id='word_1_102' title='bbox 733 1276 957 1323; x_wconf 83' lang='lat' dir='ltr'>cursorem</span> <span class='ocrx_word' id='word_1_103' title='bbox 975 1312 987 1332; x_wconf 85' lang='lat'>‚</span> <span class='ocrx_word' id='word_1_104' title='bbox 1009 1275 1124 1336; x_wconf 78' lang='lat' dir='ltr'>juffit</span> <span class='ocrx_word' id='word_1_105' title='bbox 1152 1280 1199 1324; x_wconf 88' lang='lat'><strong>&amp;</strong></span> <span class='ocrx_word' id='word_1_106' title='bbox 1223 1293 1383 1325; x_wconf 90' lang='lat' dir='ltr'>cocum</span> <span class='ocrx_word' id='word_1_107' title='bbox 1410 1279 1460 1325; x_wconf 86' lang='lat'>&amp;</span> <span class='ocrx_word' id='word_1_108' title='bbox 1493 1280 1610 1325; x_wconf 86' lang='lat' dir='ltr'>clau-</span> 
     </span>
     <span class='ocr_line' id='line_1_17' title="bbox 328 1349 1612 1412; baseline 0.002 -17"><span class='ocrx_word' id='word_1_109' title='bbox 328 1349 529 1396; x_wconf 75' lang='lat' dir='ltr'>strarium</span> <span class='ocrx_word' id='word_1_110' title='bbox 562 1349 791 1397; x_wconf 79' lang='lat' dir='ltr'>artificem.</span> <span class='ocrx_word' id='word_1_111' title='bbox 818 1351 935 1396; x_wconf 89' lang='lat' dir='ltr'>Cum</span> <span class='ocrx_word' id='word_1_112' title='bbox 964 1351 1178 1412; x_wconf 71' lang='lat' dir='ltr'>ingressus</span> <span class='ocrx_word' id='word_1_113' title='bbox 1198 1351 1258 1398; x_wconf 85' lang='lat' dir='ltr'>est</span> <span class='ocrx_word' id='word_1_114' title='bbox 1280 1354 1351 1399; x_wconf 92' lang='lat' dir='ltr'>vel</span> <span class='ocrx_word' id='word_1_115' title='bbox 1372 1353 1507 1399; x_wconf 83' lang='lat' dir='ltr'>castra</span> <span class='ocrx_word' id='word_1_116' title='bbox 1536 1353 1612 1399; x_wconf 91' lang='lat' dir='ltr'>vel</span> 
     </span>
     <span class='ocr_line' id='line_1_18' title="bbox 327 1421 1612 1488; baseline 0.003 -20"><span class='ocrx_word' id='word_1_117' title='bbox 327 1421 526 1479; x_wconf 85' lang='lat' dir='ltr'>curiam,</span> <span class='ocrx_word' id='word_1_118' title='bbox 555 1422 703 1468; x_wconf 90' lang='lat' dir='ltr'>aviam</span> <span class='ocrx_word' id='word_1_119' title='bbox 731 1423 850 1468; x_wconf 86' lang='lat' dir='ltr'>suam</span> <span class='ocrx_word' id='word_1_120' title='bbox 883 1423 1061 1469; x_wconf 82' lang='lat' dir='ltr'>Variam</span> <span class='ocrx_word' id='word_1_121' title='bbox 1091 1423 1306 1481; x_wconf 74' lang='lat' dir='ltr'>nomine,</span> <span class='ocrx_word' id='word_1_122' title='bbox 1337 1425 1390 1471; x_wconf 92' lang='lat' dir='ltr'>de</span> <span class='ocrx_word' id='word_1_123' title='bbox 1419 1442 1506 1488; x_wconf 83' lang='lat' dir='ltr'>qua</span> <span class='ocrx_word' id='word_1_124' title='bbox 1546 1426 1612 1471; x_wconf 88' lang='lat' dir='ltr'>su·</span> 
     </span>
     <span class='ocr_line' id='line_1_19' title="bbox 331 1493 1613 1557; baseline 0.003 -18"><span class='ocrx_word' id='word_1_125' title='bbox 331 1494 480 1555; x_wconf 74' lang='lat' dir='ltr'>perius</span> <span class='ocrx_word' id='word_1_126' title='bbox 509 1493 675 1540; x_wconf 57' lang='lat' dir='ltr'>dietum</span> <span class='ocrx_word' id='word_1_127' title='bbox 705 1494 792 1550; x_wconf 85' lang='lat' dir='ltr'>est,</span> <span class='ocrx_word' id='word_1_128' title='bbox 828 1494 975 1541; x_wconf 86' lang='lat' dir='ltr'>secum</span> <span class='ocrx_word' id='word_1_129' title='bbox 1013 1495 1220 1554; x_wconf 86' lang='lat' dir='ltr'>induxit,</span> <span class='ocrx_word' id='word_1_130' title='bbox 1249 1509 1298 1543; x_wconf 91' lang='lat' dir='ltr'>ut</span> <span class='ocrx_word' id='word_1_131' title='bbox 1331 1496 1424 1557; x_wconf 84' lang='lat' dir='ltr'>ejus</span> <span class='ocrx_word' id='word_1_132' title='bbox 1457 1498 1613 1544; x_wconf 62' lang='lat' dir='ltr'>aufto-</span> 
     </span>
     <span class='ocr_line' id='line_1_20' title="bbox 330 1567 1612 1633; baseline 0.002 -18"><span class='ocrx_word' id='word_1_133' title='bbox 330 1571 462 1615; x_wconf 69' lang='lat' dir='ltr'>ritate</span> <span class='ocrx_word' id='word_1_134' title='bbox 504 1567 736 1614; x_wconf 84' lang='lat' dir='ltr'>honestior</span> <span class='ocrx_word' id='word_1_135' title='bbox 772 1567 922 1626; x_wconf 83' lang='lat' dir='ltr'>fieret,</span> <span class='ocrx_word' id='word_1_136' title='bbox 951 1569 1050 1631; x_wconf 77' lang='lat' dir='ltr'>quia</span> <span class='ocrx_word' id='word_1_137' title='bbox 1089 1586 1166 1631; x_wconf 82' lang='lat' dir='ltr'>per</span> <span class='ocrx_word' id='word_1_138' title='bbox 1198 1570 1239 1616; x_wconf 89' lang='lat' dir='ltr'>se</span> <span class='ocrx_word' id='word_1_139' title='bbox 1273 1588 1365 1617; x_wconf 89' lang='lat' dir='ltr'>non</span> <span class='ocrx_word' id='word_1_140' title='bbox 1409 1586 1612 1633; x_wconf 64' lang='lat' dir='ltr'>poterat}</span> 
     </span>
     <span class='ocr_line' id='line_1_21' title="bbox 328 1640 1614 1707; baseline 0.005 -21"><span class='ocrx_word' id='word_1_141' title='bbox 328 1657 416 1687; x_wconf 84' lang='lat' dir='ltr'>nec</span> <span class='ocrx_word' id='word_1_142' title='bbox 445 1653 546 1686; x_wconf 80' lang='lat' dir='ltr'>ante</span> <span class='ocrx_word' id='word_1_143' title='bbox 574 1657 674 1687; x_wconf 90' lang='lat' dir='ltr'>eum</span> <span class='ocrx_word' id='word_1_144' title='bbox 711 1640 869 1704; x_wconf 89' lang='lat' dir='ltr'>(quod</span> <span class='ocrx_word' id='word_1_145' title='bbox 902 1641 988 1703; x_wconf 73' lang='lat' dir='ltr'>jam</span> <span class='ocrx_word' id='word_1_146' title='bbox 1022 1641 1252 1707; x_wconf 79' lang='lat' dir='ltr'>diximus)</span> <span class='ocrx_word' id='word_1_147' title='bbox 1281 1647 1489 1692; x_wconf 82' lang='lat' dir='ltr'>Senatum</span> <span class='ocrx_word' id='word_1_148' title='bbox 1513 1664 1614 1693; x_wconf 87' lang='lat' dir='ltr'>mu-</span> 
     </span>
     <span class='ocr_line' id='line_1_22' title="bbox 331 1714 1616 1782; baseline 0.008 -23"><span class='ocrx_word' id='word_1_149' title='bbox 331 1715 414 1760; x_wconf 78' lang='lat' dir='ltr'>lier</span> <span class='ocrx_word' id='word_1_150' title='bbox 435 1714 618 1781; x_wconf 69' lang='lat' dir='ltr'>ingressa</span> <span class='ocrx_word' id='word_1_151' title='bbox 637 1715 697 1761; x_wconf 88' lang='lat' dir='ltr'>est</span> <span class='ocrx_word' id='word_1_152' title='bbox 723 1715 781 1762; x_wconf 88' lang='lat' dir='ltr'>ita</span> <span class='ocrx_word' id='word_1_153' title='bbox 799 1753 815 1771; x_wconf 92' lang='lat'>,</span> <span class='ocrx_word' id='word_1_154' title='bbox 849 1731 897 1762; x_wconf 83' lang='lat' dir='ltr'>ut</span> <span class='ocrx_word' id='word_1_155' title='bbox 928 1718 979 1762; x_wconf 82' lang='lat' dir='ltr'>ad</span> <span class='ocrx_word' id='word_1_156' title='bbox 1011 1716 1290 1764; x_wconf 84' lang='lat' dir='ltr'>scribendum</span> <span class='ocrx_word' id='word_1_157' title='bbox 1312 1732 1543 1782; x_wconf 82' lang='lat' dir='ltr'>rogaretur</span> <span class='ocrx_word' id='word_1_158' title='bbox 1566 1723 1616 1769; x_wconf 87' lang='lat'>&amp;</span> 
     </span>
     <span class='ocr_line' id='line_1_23' title="bbox 331 1786 1617 1840; baseline 0.005 -7"><span class='ocrx_word' id='word_1_159' title='bbox 331 1786 594 1833; x_wconf 77' lang='lat' dir='ltr'>sententiam</span> <span class='ocrx_word' id='word_1_160' title='bbox 625 1787 805 1834; x_wconf 86' lang='lat' dir='ltr'>diceret.</span> <span class='ocrx_word' id='word_1_161' title='bbox 838 1790 886 1834; x_wconf 87' lang='lat' dir='ltr'>In</span> <span class='ocrx_word' id='word_1_162' title='bbox 928 1788 1160 1835; x_wconf 85' lang='lat' dir='ltr'>conviviis</span> <span class='ocrx_word' id='word_1_163' title='bbox 1189 1791 1394 1838; x_wconf 85' lang='lat' dir='ltr'>exoletos</span> <span class='ocrx_word' id='word_1_164' title='bbox 1425 1793 1617 1840; x_wconf 85' lang='lat' dir='ltr'>maxime</span> 
     </span>
     <span class='ocr_line' id='line_1_24' title="bbox 331 1856 1614 1922; baseline 0.006 -19"><span class='ocrx_word' id='word_1_165' title='bbox 331 1857 457 1920; x_wconf 82' lang='lat' dir='ltr'>juxta</span> <span class='ocrx_word' id='word_1_166' title='bbox 485 1856 526 1904; x_wconf 92' lang='lat' dir='ltr'>se</span> <span class='ocrx_word' id='word_1_167' title='bbox 556 1860 775 1919; x_wconf 79' lang='lat' dir='ltr'>ponebat,</span> <span class='ocrx_word' id='word_1_168' title='bbox 805 1875 1053 1922; x_wconf 76' lang='lat' dir='ltr'>eorumque</span> <span class='ocrx_word' id='word_1_169' title='bbox 1083 1862 1393 1909; x_wconf 69' lang='lat' dir='ltr'>attre&amp;atione</span> <span class='ocrx_word' id='word_1_170' title='bbox 1424 1865 1471 1910; x_wconf 90' lang='lat'>&amp;</span> <span class='ocrx_word' id='word_1_171' title='bbox 1498 1865 1614 1911; x_wconf 66' lang='lat' dir='ltr'>taElu</span> 
     </span>
     <span class='ocr_line' id='line_1_25' title="bbox 335 1929 1617 1999; baseline 0.006 -24"><span class='ocrx_word' id='word_1_172' title='bbox 335 1929 563 1992; x_wconf 77' lang='lat' dir='ltr'>praecipue</span> <span class='ocrx_word' id='word_1_173' title='bbox 596 1933 841 1993; x_wconf 75' lang='lat' dir='ltr'>gaudebat:</span> <span class='ocrx_word' id='word_1_174' title='bbox 867 1949 948 1978; x_wconf 83' lang='lat' dir='ltr'>nec</span> <span class='ocrx_word' id='word_1_175' title='bbox 978 1932 1209 1996; x_wconf 84' lang='lat' dir='ltr'>quisquam</span> <span class='ocrx_word' id='word_1_176' title='bbox 1238 1934 1278 1980; x_wconf 90' lang='lat' dir='ltr'>ei</span> <span class='ocrx_word' id='word_1_177' title='bbox 1309 1936 1443 1999; x_wconf 83' lang='lat' dir='ltr'>magis</span> <span class='ocrx_word' id='word_1_178' title='bbox 1474 1952 1617 1999; x_wconf 88' lang='lat' dir='ltr'>pocu-</span> 
     </span>
     <span class='ocr_line' id='line_1_26' title="bbox 335 2003 984 2062; baseline 0.006 -14"><span class='ocrx_word' id='word_1_179' title='bbox 335 2003 456 2060; x_wconf 83' lang='lat' dir='ltr'>lum,</span> <span class='ocrx_word' id='word_1_180' title='bbox 476 2020 576 2049; x_wconf 88' lang='lat' dir='ltr'>cum</span> <span class='ocrx_word' id='word_1_181' title='bbox 611 2003 814 2062; x_wconf 69' lang='lat' dir='ltr'>bibisset,</span> <span class='ocrx_word' id='word_1_182' title='bbox 842 2006 984 2052; x_wconf 82' lang='lat' dir='ltr'>dabat.</span> 
     </span>
    </p>

    <p class='ocr_par' dir='ltr' id='par_1_4' title="bbox 337 2078 1620 2510">
     <span class='ocr_line' id='line_1_27' title="bbox 401 2078 1617 2142; baseline 0.004 -18"><span class='ocrx_word' id='word_1_183' title='bbox 401 2078 519 2125; x_wconf 92' lang='lat' dir='ltr'>Xlll.</span> <span class='ocrx_word' id='word_1_184' title='bbox 545 2080 664 2125; x_wconf 85' lang='lat' dir='ltr'>Inter</span> <span class='ocrx_word' id='word_1_185' title='bbox 690 2079 785 2126; x_wconf 78' lang='lat' dir='ltr'>haec</span> <span class='ocrx_word' id='word_1_186' title='bbox 809 2080 924 2125; x_wconf 77' lang='lat' dir='ltr'>mala</span> <span class='ocrx_word' id='word_1_187' title='bbox 952 2080 1057 2126; x_wconf 85' lang='lat' dir='ltr'>vitae</span> <span class='ocrx_word' id='word_1_188' title='bbox 1085 2079 1460 2142; x_wconf 81' lang='lat' dir='ltr'>impudiciffimae,</span> <span class='ocrx_word' id='word_1_189' title='bbox 1484 2083 1617 2129; x_wconf 83' lang='lat' dir='ltr'>Alex-</span> 
     </span>
     <span class='ocr_line' id='line_1_28' title="bbox 338 2151 1618 2214; baseline 0.004 -17"><span class='ocrx_word' id='word_1_190' title='bbox 338 2151 558 2205; x_wconf 72' lang='lat' dir='ltr'>andrum,</span> <span class='ocrx_word' id='word_1_191' title='bbox 577 2168 711 2214; x_wconf 84' lang='lat' dir='ltr'>quem</span> <span class='ocrx_word' id='word_1_192' title='bbox 739 2152 817 2197; x_wconf 73' lang='lat' dir='ltr'>fibi</span> <span class='ocrx_word' id='word_1_193' title='bbox 848 2153 1140 2214; x_wconf 84' lang='lat' dir='ltr'>adoptaverat</span> <span class='ocrx_word' id='word_1_194' title='bbox 1158 2170 1210 2209; x_wconf 83' lang='lat' dir='ltr'>,a</span> <span class='ocrx_word' id='word_1_195' title='bbox 1244 2154 1283 2199; x_wconf 91' lang='lat' dir='ltr'>se</span> <span class='ocrx_word' id='word_1_196' title='bbox 1313 2155 1618 2214; x_wconf 85' lang='lat' dir='ltr'>amoverijus-</span> 
     </span>
     <span class='ocr_line' id='line_1_29' title="bbox 337 2223 1617 2291; baseline 0.005 -22"><span class='ocrx_word' id='word_1_197' title='bbox 337 2223 416 2281; x_wconf 80' lang='lat' dir='ltr'>fit,</span> <span class='ocrx_word' id='word_1_198' title='bbox 439 2224 592 2271; x_wconf 85' lang='lat' dir='ltr'>dicens</span> <span class='ocrx_word' id='word_1_199' title='bbox 614 2260 626 2282; x_wconf 93' lang='lat'>‚</span> <span class='ocrx_word' id='word_1_200' title='bbox 648 2223 689 2270; x_wconf 89' lang='lat' dir='ltr'>se</span> <span class='ocrx_word' id='word_1_201' title='bbox 721 2225 946 2286; x_wconf 83' lang='lat' dir='ltr'>poenitere</span> <span class='ocrx_word' id='word_1_202' title='bbox 979 2226 1266 2287; x_wconf 87' lang='lat' dir='ltr'>adoptionis:</span> <span class='ocrx_word' id='word_1_203' title='bbox 1298 2229 1617 2291; x_wconf 84' lang='lat' dir='ltr'>mandavitque</span> 
     </span>
     <span class='ocr_line' id='line_1_30' title="bbox 340 2297 1620 2362; baseline 0.004 -20"><span class='ocrx_word' id='word_1_204' title='bbox 340 2297 395 2342; x_wconf 81' lang='lat' dir='ltr'>atl</span> <span class='ocrx_word' id='word_1_205' title='bbox 414 2297 646 2355; x_wconf 85' lang='lat' dir='ltr'>Senatum,</span> <span class='ocrx_word' id='word_1_206' title='bbox 669 2309 719 2344; x_wconf 83' lang='lat' dir='ltr'>ut</span> <span class='ocrx_word' id='word_1_207' title='bbox 740 2298 925 2345; x_wconf 76' lang='lat' dir='ltr'>Caesaris</span> <span class='ocrx_word' id='word_1_208' title='bbox 960 2298 1000 2345; x_wconf 86' lang='lat' dir='ltr'>ei</span> <span class='ocrx_word' id='word_1_209' title='bbox 1030 2315 1194 2345; x_wconf 90' lang='lat' dir='ltr'>nomen</span> <span class='ocrx_word' id='word_1_210' title='bbox 1223 2300 1521 2362; x_wconf 68' lang='lat' dir='ltr'>abrogaretur.</span> <span class='ocrx_word' id='word_1_211' title='bbox 1546 2302 1620 2347; x_wconf 86' lang='lat' dir='ltr'>sed</span> 
     </span>
     <span class='ocr_line' id='line_1_31' title="bbox 340 2367 1618 2435; baseline 0.004 -21"><span class='ocrx_word' id='word_1_212' title='bbox 340 2367 386 2415; x_wconf 84' lang='lat' dir='ltr'>in</span> <span class='ocrx_word' id='word_1_213' title='bbox 415 2369 608 2428; x_wconf 87' lang='lat' dir='ltr'>Senatu,</span> <span class='ocrx_word' id='word_1_214' title='bbox 631 2371 722 2417; x_wconf 88' lang='lat' dir='ltr'>hoc</span> <span class='ocrx_word' id='word_1_215' title='bbox 755 2371 937 2433; x_wconf 87' lang='lat' dir='ltr'>prodito</span> <span class='ocrx_word' id='word_1_216' title='bbox 958 2407 970 2427; x_wconf 93' lang='lat'>,</span> <span class='ocrx_word' id='word_1_217' title='bbox 997 2371 1151 2435; x_wconf 81' lang='lat' dir='ltr'>ingens</span> <span class='ocrx_word' id='word_1_218' title='bbox 1186 2373 1403 2419; x_wconf 71' lang='lat' dir='ltr'>silentium</span> <span class='ocrx_word' id='word_1_219' title='bbox 1432 2373 1529 2419; x_wconf 84' lang='lat' dir='ltr'>fuit.</span> <span class='ocrx_word' id='word_1_220' title='bbox 1559 2374 1618 2420; x_wconf 86' lang='lat' dir='ltr'>fi-</span> 
     </span>
     <span class='ocr_line' id='line_1_32' title="bbox 338 2441 1616 2510; baseline 0.005 -22"><span class='ocrx_word' id='word_1_221' title='bbox 338 2441 523 2504; x_wconf 81' lang='lat' dir='ltr'>quidem</span> <span class='ocrx_word' id='word_1_222' title='bbox 556 2457 650 2491; x_wconf 85' lang='lat' dir='ltr'>erat</span> <span class='ocrx_word' id='word_1_223' title='bbox 689 2443 889 2507; x_wconf 89' lang='lat' dir='ltr'>optimus</span> <span class='ocrx_word' id='word_1_224' title='bbox 925 2443 1103 2505; x_wconf 85' lang='lat' dir='ltr'>juvenis</span> <span class='ocrx_word' id='word_1_225' title='bbox 1147 2445 1429 2506; x_wconf 85' lang='lat' dir='ltr'>Alexander,</span> <span class='ocrx_word' id='word_1_226' title='bbox 1465 2447 1616 2510; x_wconf 78' lang='lat' dir='ltr'>postea</span> 
     </span>
    </p>
   </div>
  </div>
 </body>
</html>
