1637 2785
275 133 640 182 ANTONINUS
677 133 1152 182 HELIOGABALUS.
1270 150 1294 179 2
1305 150 1321 195 3
1333 152 1360 196 9

80 241 403 304 comprobatus
425 255 584 304 genere
610 238 783 299 imperii
808 238 929 297 ejus,
955 258 1055 286 cum
1082 241 1184 286 ideo
1211 240 1362 301 displi-

79 327 201 362 ceret
222 316 363 377 patri,
383 314 508 376 quod
535 312 790 374 impudicus
814 329 906 358 non
939 315 1056 361 effer.
1089 316 1192 361 Erat
1214 328 1362 360 autern

79 386 196 433 idem
225 386 551 443 consobrinus,
574 387 645 441 &‚
665 396 713 429 ut
742 384 923 446 quidam
961 385 1138 441 dicunt,
1168 403 1191 431 a
1211 386 1363 431 militi-

79 459 162 506 bus
189 460 321 505 etiam
352 460 605 514 amabatur,
624 459 673 504 δι
705 456 886 501 Senatui
921 471 1130 518 acceptus
1151 469 1242 503 erat
1266 493 1278 515 ,
1312 460 1363 505 &

77 531 267 595 equestri
307 530 474 577 ordini.
510 531 607 576 Nec
640 527 779 596 defuit
807 541 955 573 tamen
984 528 1111 575 furor
1141 530 1275 591 usque
1307 531 1362 576 ad

77 605 250 651 exitum
274 603 372 650 voti
388 602 570 666 peffimi.
597 618 698 648 nam
722 601 763 647 ei
791 601 1068 662 percuffores
1093 601 1285 649 immisit.
1306 604 1362 649 Et

76 677 168 724 hoc
195 676 376 740 quidem
404 676 544 723 modo
574 675 664 737 ipse
694 673 858 720 seceffit
888 674 942 719 ad
964 674 1124 721 hortos
1162 674 1253 737 spei
1277 693 1362 721 ve-

76 749 217 807 teris,
249 749 371 813 quafi
404 761 563 797 contra
593 764 765 794 novum
801 745 1013 807 juvenem
1059 760 1168 794 vota
1201 749 1361 796 conci-

77 823 233 885 piens,
260 824 410 871 reliCta
441 823 486 869 in
520 822 690 869 Palatio
725 835 891 878 matre,
922 822 971 868 &
1002 821 1131 880 avia,
1164 823 1214 869 &
1249 839 1363 869 con-

77 895 263 943 sobrino
279 896 383 943 suo:
410 896 640 958 jussitque,
658 908 705 941 ut
721 895 1018 941 trucidaretur
1037 893 1219 955 juvenis
1241 896 1361 957 opti-

77 985 175 1015 mus
206 971 257 1017 &
288 967 550 1030 reipublicae
580 967 853 1015 neceffarius.
887 967 1007 1013 Misit
1040 969 1087 1014 &
1114 968 1168 1013 ad
1200 968 1362 1015 milites

75 1041 250 1098 literas,
277 1041 442 1103 quibus
466 1040 606 1100 juffit,
627 1053 674 1087 ut
698 1043 987 1104 abrogaretur
1017 1058 1185 1088 nomen
1211 1042 1362 1088 Caesa-

77 1114 137 1160 ris
156 1115 426 1161 Alexandro.
446 1114 597 1172 Mifit‚
622 1114 701 1175 qui
734 1115 779 1159 in
812 1115 958 1160 castris
996 1115 1230 1161 statuarum
1268 1115 1362 1175 ejus

75 1185 232 1232 titulos
252 1186 351 1232 luto
375 1198 602 1249 tegerent,
623 1199 672 1231 ut
691 1183 786 1230 fieri
818 1185 926 1232 solet
954 1186 1007 1232 de
1030 1188 1247 1250 tyrannis.
1269 1189 1362 1233 Mi-

76 1260 194 1307 fit&
214 1261 269 1306 ad
290 1260 537 1306 nutritores
558 1258 679 1318 ejus,
703 1258 863 1322 quibus
886 1259 1126 1321 imperavit
1152 1259 1231 1305 sub
1250 1277 1362 1322 prae·-

44 1350 48 1366 ι
75 1331 273 1379 miorum
304 1332 378 1394 spe
405 1344 538 1394 atque
568 1332 823 1388 honorum,
857 1344 906 1377 ut
933 1348 1032 1377 eum
1066 1331 1329 1379 occiderent
1349 1368 1365 1389 ‚

76 1420 170 1467 quo
201 1404 371 1452 vellent
407 1405 577 1464 mod0‚
609 1405 685 1453 vel
719 1405 765 1451 in
805 1404 1005 1462 balneis,
1039 1404 1115 1451 vel
1152 1421 1362 1462 veneno,

76 1475 154 1523 vel
179 1475 318 1524 ferro.
350 1512 358 1522 .

140 1552 265 1597 xlv.
293 1549 376 1596 Sed
408 1549 522 1596 nihil
552 1562 689 1613 agunt
716 1548 912 1612 improbi
947 1561 1106 1597 contra
1141 1549 1360 1597 innocen-

75 1635 156 1670 tes.
181 1640 282 1668 nam
305 1622 423 1668 nulla
446 1622 495 1667 vi
517 1624 614 1685 quis
641 1623 800 1669 adduci
827 1623 1003 1685 potuit,
1027 1636 1077 1669 ut
1106 1635 1276 1670 tantum
1298 1625 1362 1670 [3-

76 1694 202 1741 cinus
230 1694 460 1755 impleret,
488 1710 590 1739 cum
619 1694 664 1739 in
689 1694 829 1756 ipsum
860 1695 994 1756 magis
1026 1695 1245 1741 conversa
1275 1695 1360 1742 sint

77 1768 162 1814 tela
177 1804 190 1826 ‚
207 1785 306 1831 quae
320 1768 499 1829 parabat
519 1768 614 1814 aliis
628 1803 642 1826 ,
659 1769 713 1814 ab
732 1768 871 1830 iisque
895 1769 945 1814 fit
966 1768 1240 1827 interfectus,
1260 1770 1358 1831 qui-

77 1840 158 1886 bus
181 1840 293 1886 alios
318 1840 568 1902 appetebat.
595 1841 680 1886 Sed
704 1841 779 1887 ubi
806 1841 999 1902 primum
1026 1842 1154 1887 lutati
1180 1842 1277 1887 sunt
1305 1841 1360 1886 ti-

76 1912 159 1958 tuli
187 1913 451 1969 statuarum,
481 1914 644 1959 milites
681 1929 839 1960 omnes
873 1914 1148 1961 exarserunt:
1180 1917 1227 1962 &
1260 1930 1359 1975 pars

76 1983 123 2029 in
158 1985 395 2042 Palatium,
431 2001 529 2048 pars
563 1987 610 2031 in
642 1987 831 2044 hortos,
867 1987 915 2032 in
945 1987 1107 2051 quibus
1138 2000 1231 2034 erat
1262 1990 1357 2033 Va-

77 2059 193 2115 rius,
215 2059 278 2104 ire
302 2059 520 2117 tendunt,
541 2072 589 2105 ut
613 2061 915 2107 Alexandrum
946 2062 1227 2108 vindicarent
1244 2063 1358 2119 ,hoa

75 2131 336 2193 minemque
366 2131 616 2193 impurum,
635 2133 912 2195 eundemque
941 2134 1231 2195 parricidialis
1262 2134 1357 2179 ani-

77 2202 166 2260 mi,
187 2204 362 2249 tandem
384 2220 408 2249 a
427 2204 654 2266 republica
681 2205 968 2267 depellerent.
999 2206 1052 2251 Et
1082 2222 1182 2251 cum
1209 2204 1252 2249 in
1276 2205 1357 2250 Pa-

78 2274 522 2332 latium,veniffent‚
561 2276 865 2321 Alexandrum
909 2292 1010 2321 cum
1050 2289 1184 2319 matre
1223 2286 1356 2336 atque

79 2349 180 2393 avia
200 2347 470 2395 custoditum
503 2340 830 2410 diligentiffime
858 2348 1010 2410 postea
1044 2346 1087 2391 in
1109 2347 1244 2393 castra
1277 2348 1358 2392 du-

78 2433 254 2488 xerunt.
285 2422 444 2467 Secuta
475 2431 622 2467 autem
658 2434 749 2468 erat
784 2420 886 2468 illos
921 2419 1181 2467 Semiamira
1215 2432 1356 2466 mater
