1714 2807
322 144 386 201 '46
564 141 780 189 JULII
832 139 1347 188 CAPITOLlNI

324 250 568 302 Priamum,
588 247 701 311 saepe
722 246 998 295 vocitarunt.
1017 247 1146 294 Vixit
1165 247 1209 294 in
1230 247 1417 305 deliciis,
1436 246 1482 294 in
1503 247 1618 295 hora

322 321 378 368 tis
395 356 408 378 ‚
436 321 481 367 in
511 320 707 378 balneis,
730 318 776 366 in
802 319 1110 367 amoenissimis
1138 321 1414 367 nemoribus.
1437 335 1520 366 nec
1543 336 1619 382 pa-

319 407 389 442 ter
415 395 670 457 aspernatus
695 394 784 452 est,
810 393 1039 458 saepiffime
1061 395 1240 451 dicens,
1263 384 1389 440 illum
1413 394 1620 458 quando-

320 483 410 531 que
446 467 494 514 in
525 467 695 515 summa
726 467 923 516 claritate
955 468 1050 515 cito
1081 469 1166 515 ess'e
1204 470 1487 515 moriturum.
1520 470 1619 515 Nec

321 553 472 588 tamen
496 540 541 587 in
579 541 672 587 vita
701 540 772 586 sua
802 539 1000 588 fortunae
1029 541 1164 587 bonis
1194 559 1390 604 unquam
1429 543 1618 605 degene-

321 616 465 672 ravit,
497 615 756 678 semperque
789 615 908 661 inter
940 615 1253 660 illustrissimos
1292 616 1406 673 fnit,
1436 632 1519 662 nec
1551 615 1619 662 ci-

322 689 483 743 vibus,
522 705 602 734 nec
640 688 905 747 reipublicae
940 689 994 734 ad
1033 688 1414 736 consultationem
1460 688 1616 735 defuit.

318 763 537 823 Denique
558 761 689 807 etiam
708 761 895 807 Senatus
916 760 1199 808 libentiffime
1221 762 1344 808 illum
1365 762 1615 825 Augustum

321 836 597 896 appellavit,
620 848 755 895 atque
784 833 830 880 in
854 852 911 883 eo
940 835 1056 896 spem
1084 836 1306 896 publicam
1332 834 1494 897 posuit.
1527 837 1618 881 Ve-

321 907 423 954 ssim
445 906 734 963 cultissimus,
755 905 895 953 servis
914 907 963 955 ὅ(
991 908 1202 955 omnibus
1223 908 1307 954 suis
1334 924 1476 955 carus.
1493 909 1616 955 Cor-

319 981 403 1027 dus
441 978 576 1036 dicit,
601 970 793 1026 'uxorem
827 995 928 1025 eum
967 996 1197 1039 nunquam
1225 981 1382 1026 habere
1409 980 1616 1027 voluisse.

321 1055 363 1099 C
368 1067 499 1099 ontra
522 1051 764 1133 Dexippus
789 1065 939 1114 putat,
958 1068 1011 1110 ej·
1017 1068 1050 1098 is
1070 1052 1131 1098 fili
1122 1070 1208 1098 um
1227 1053 1309 1099 esse
1329 1053 1614 1109 Gordianum

320 1129 436 1175 terti
431 1145 532 1184 im,
564 1127 641 1189 qui
674 1126 772 1188 post
804 1126 896 1172 hoc
931 1142 1036 1173 cum
1072 1126 1263 1173 Balbino
1297 1129 1345 1174 δέ
1378 1110 1617 1189 Pupieno,

322 1202 414 1247 five
444 1200 651 1246 Maximo
671 1235 685 1257 ‚
714 1199 931 1262 puerulus
963 1199 1147 1261 adeptus
1175 1199 1275 1246 est
1265 1200 1517 1262 imperium.

385 1273 494 1319 XX.
521 1272 640 1318 Cum
672 1271 820 1316 senior
846 1271 1110 1318 Gordianus
1138 1273 1501 1320 mathematicum
1529 1271 1616 1318 ali-

319 1345 504 1408 quando
532 1343 786 1390 consuleret
820 1343 874 1389 de
907 1343 1108 1405 genitura
1145 1345 1309 1406 hujus,
1339 1344 1615 1407 respondisse

318 1420 395 1466 ille
425 1418 616 1476 dicitur,
646 1418 768 1465 hunc
795 1419 843 1465 &
872 1415 1012 1464 filium
1044 1420 1362 1480 Imperatoris,
1391 1422 1439 1468 &
1470 1420 1613 1482 ipsum

319 1493 644 1554 Imperatorem
671 1489 886 1537 futurum.
907 1491 957 1538 &
981 1508 1082 1539 cum
1104 1492 1252 1539 senior
1273 1493 1534 1540 Gordianus
1556 1492 1615 1539 ri-

319 1567 471 1623 deret,
494 1563 731 1610 ostendiffe
754 1563 1145 1611 constellationem
1166 1565 1526 1614 mathematicum
1550 1563 1616 1612 fe-

320 1653 454 1697 runt,
480 1640 530 1686 &
557 1638 612 1684 de
639 1637 764 1684 libris
794 1637 1025 1685 veteribus
1054 1638 1254 1696 dielaffe‚
1285 1640 1344 1685 ita
1375 1652 1422 1685 ut
1450 1639 1615 1701 proba-

321 1724 408 1769 ret,
433 1712 474 1757 se
502 1727 607 1758 vera
637 1710 810 1757 dixisse.
831 1711 911 1774 qui
940 1712 1119 1774 quidem
1145 1714 1194 1760 &
1225 1712 1341 1769 seni,
1362 1713 1410 1760 δι
1429 1710 1614 1773 juveni,

322 1787 373 1833 &
399 1785 516 1830 diem
534 1820 546 1841 ‚
580 1785 630 1830 &
669 1800 808 1847 genus
837 1785 1023 1841 mortis,
1050 1786 1101 1833 &
1127 1785 1257 1842 loca,
1277 1785 1440 1848 quibus
1475 1784 1614 1832 effent

323 1857 536 1921 perituri,
587 1857 807 1904 obstinata
848 1857 1112 1906 constantiae
1152 1859 1341 1906 veritate
1379 1858 1612 1921 praedixit:

320 1949 422 1995 quae
451 1930 604 1978 omnia
626 1931 779 1993 postea
806 1932 1068 1979 Gord3anus
1090 1932 1236 1980 senior
1264 1932 1309 1978 in
1331 1932 1500 1989 Africa,
1521 1931 1611 1992 jam

326 2009 600 2067 imperator,
625 2006 673 2051 &
704 2005 888 2066 quando
909 2004 1019 2050 nihil
1053 2004 1262 2062 timebat,
1290 2004 1480 2051 n'arraffe
1508 2019 1612 2066 per-

324 2078 535 2132 bibetur3
562 2077 615 2122 de
645 2090 793 2122 morte
824 2076 932 2139 quin
970 2077 1102 2124 etiam
1140 2076 1212 2124 sua
1248 2075 1445 2140 filiique,
1475 2077 1525 2125 &
1556 2077 1612 2124 de

324 2165 486 2215 genere
505 2151 664 2195 mortis
697 2148 865 2196 dixisse.
884 2150 1106 2196 Cantabat
1130 2163 1344 2211 praeterea
1371 2149 1521 2196 versus
1549 2149 1612 2197 se·

322 2239 412 2269 nex
428 2257 440 2277 ‚
456 2238 555 2267 cum
578 2220 863 2266 Gordianum
885 2219 1026 2267 filium
1045 2220 1219 2266 vidisset
1234 2221 1342 2277 ‚hos
1358 2219 1610 2281 saepiffime:

394 2294 617 2359 Ostendent
637 2297 752 2340 terris
771 2296 880 2338 lzunc
900 2310 1063 2339 tantum
1074 2294 1176 2351 sata
1191 2329 1206 2351 ,
1225 2314 1348 2355 neque
1367 2300 1473 2341 ultra

393 2367 492 2430 Eſjk
506 2369 662 2432 finem.
683 2372 863 2414 nimium
883 2372 999 2415 vobis
1023 2374 1219 2415 Romana
1234 2389 1421 2432 propago

396 2444 502 2503 Visiz
517 2460 664 2504 potens
677 2443 840 2504 ‚ficperi
855 2478 872 2501 ,
884 2446 1056 2505 propria
1077 2443 1208 2506 lzaecfi
1220 2447 1332 2490 dona
1339 2440 1530 2508 fuiffint.
