1637 2785
389 162 1026 210 HADRtANUS.
1296 180 1345 226 13

75 270 286 333 expleret.
330 269 447 315 Ante
479 284 634 316 omnes
666 280 815 314 tamen
848 269 1122 327 enitebatur,
1153 285 1209 316 ne
1243 271 1354 333 quid

75 343 269 390 otiosum
305 341 378 390 vel
410 355 577 389 emeret
606 341 870 403 aliquand0‚
892 341 970 388 vel
998 342 1206 403 pasceret.
1231 345 1352 409 Ergo

76 415 304 464 conversis
329 415 455 478 regio
478 431 603 461 more
634 414 876 471 militibus,
895 413 1166 462 Britanniam
1198 418 1351 478 petiit:

75 491 121 537 in
157 507 241 551 qua
275 490 410 536 multa
443 488 676 547 correxit,
710 503 975 551 murumque
1010 504 1088 550 per
1121 490 1353 554 ofitoginta

75 564 211 611 millia
234 563 426 625 passuum
455 564 622 626 primus
649 562 803 618 duxit,
826 563 903 625 qui
933 563 1153 610 Barbaros
1179 564 1353 611 Roma·

74 636 244 698 nosque
267 636 503 682 divideret.
536 635 736 698 Septicio
759 635 897 682 Claro
914 671 928 693 ,
948 634 1159 697 praefeeto
1185 649 1353 696 praeto-

76 709 159 767 rii,
175 711 223 757 &
242 709 459 756 Suetonio
478 706 749 770 Tranquillo
767 743 782 764 ,
806 707 1094 770 epistolarum
1121 709 1352 770 magistro,

76 781 315 844 multisque
334 781 431 828 aliis
445 815 459 838 ,
481 780 558 844 qui
585 781 702 842 apud
721 781 928 827 Sabinam
956 797 1145 827 uxorem
1162 817 1174 838 ‚
1194 780 1354 838 injuffit

76 854 199 916 ejus,
227 854 487 902 familiarius
517 854 560 900 se
588 867 695 901 tunc
719 868 923 918 egerant,
946 872 1078 918 quarn
1109 858 1356 903 reverentia

76 929 237 976 domus
262 929 415 976 aulicae
437 926 715 990 postulabat,
734 929 999 977 succeffores
1019 929 1163 975 dedit:
1185 949 1356 976 uxorem

79 1005 225 1065 etiam,
250 1019 296 1049 ut
328 1004 532 1063 morosam
559 1000 601 1047 G·
621 1003 807 1063 asperam
830 1037 842 1060 ,
870 1001 1102 1067 dimffcrus
1118 1039 1129 1058 ‚
1152 1001 1237 1066 (ut
1266 1002 1356 1064 ipse

78 1074 351 1141 dicebat)si
368 1079 562 1136 privatus
578 1074 741 1138 fuiffet.
760 1077 815 1120 Et
837 1088 930 1121 erat
949 1075 1148 1122 curiosus
1166 1091 1262 1121 non
1283 1076 1355 1121 so-

78 1150 169 1196 lum
201 1149 360 1195 domus
390 1147 501 1204 suae‚
524 1147 596 1193 sed
625 1147 756 1193 etiam
788 1147 1066 1194 amicorum:
1089 1148 1176 1205 ita,
1202 1161 1251 1193 ut
1280 1164 1358 1210 pet·

79 1221 395 1270 frumentarios
415 1220 591 1267 occulta
614 1220 768 1266 onmia
789 1221 1073 1283 exploraret3
1097 1238 1177 1268 nec
1194 1223 1358 1268 adver·

80 1307 224 1342 terent
247 1294 407 1352 amici,
431 1293 529 1340 sciri
553 1292 605 1339 ab
636 1295 909 1356 Imperatore
932 1293 1050 1340 suam
1075 1294 1214 1340 viram
1230 1331 1242 1352 ‚
1263 1296 1359 1358 pri·

78 1369 263 1433 usquam
293 1368 384 1431 ipse
415 1367 504 1414 hoc
537 1369 783 1429 Imperator
812 1367 1077 1414 ostenderet.
1099 1368 1234 1414 Unde
1263 1385 1357 1415 non

77 1441 371 1503 injucundum
400 1440 459 1487 est
477 1457 568 1486 rem
592 1440 812 1498 inserere,
837 1456 891 1486 ex
917 1455 1010 1502 quo
1032 1439 1230 1496 constet,
1255 1455 1358 1485 eum

79 1516 133 1562 de
169 1515 322 1562 amicis
351 1514 504 1561 multa.
525 1513 733 1560 didicisse.
768 1530 1011 1560 namucum
1049 1513 1102 1558 ad
1135 1514 1356 1576 quendam

0 1602 9 1608 '
79 1588 307 1652 scripfiffet
327 1605 446 1635 uxor
466 1587 537 1634 sua
552 1623 564 1646 ‚
578 1592 688 1650 quod
701 1624 714 1646 ,
734 1591 1015 1649 voluptatibus
1034 1591 1216 1633 detentus
1237 1585 1279 1634 δ’
1295 1592 1359 1634 ἰα-

80 1665 242 1718 vacris,
266 1663 383 1721 adse
407 1664 532 1707 redire
552 1665 705 1717 nollet,
726 1675 858 1723 atque
884 1661 972 1707 hoc
1003 1661 1252 1707 Hadrianus
1281 1678 1360 1723 per

80 1736 392 1784 frumentarios
414 1737 719 1800 cognoviffet3
741 1749 918 1798 petente
938 1736 1020 1783 illo
1042 1748 1360 1795 commeatum,

80 1810 330 1857 Hadrianus
351 1809 390 1856 ei
410 1810 591 1857 lavacra
610 1812 658 1858 &
672 1810 930 1872 voluptates
950 1808 1258 1869 exprobravit.
1286 1808 1360 1854 cui

79 1881 180 1928 ille:
197 1901 294 1928 num
318 1880 361 1928 δ’
379 1881 460 1928 tibi
479 1900 589 1928 uxor
607 1899 696 1927 mea
711 1917 726 1938 ,
749 1885 861 1943 quod
878 1879 920 1927 ὃ*
940 1883 1068 1938 milei,
1085 1880 1286 1945 scripfit?
1306 1883 1359 1926 Et

79 1958 167 2005 hoc
186 1958 363 2021 quidam
386 1957 710 2004 vitiofiffimum
730 1969 1057 2019 putantzatque
1079 1955 1182 2002 huic
1203 1954 1358 2013 adjun-

79 2047 218 2095 gunt,
250 2047 350 2094 quae
368 2031 422 2076 de
442 2030 696 2077 adultorum
726 2045 879 2075 amore
899 2046 951 2074 ac
972 2041 1209 2089 nuptarum
1233 2027 1359 2073 adul-

80 2101 203 2150 teriis
217 2138 230 2161 ,
244 2102 404 2167 quibus
426 2102 675 2150 Hadrianus
694 2101 909 2148 laboraffe
930 2099 1120 2157 dicitur,
1139 2099 1358 2154 afferunt3

81 2176 339 2240 jungentes,
358 2178 481 2241 quod
503 2194 558 2224 ne
577 2177 730 2224 amicis
750 2176 928 2240 quidem
949 2175 1193 2223 servaverit
1211 2173 1359 2220 fidem.

148 2253 247 2297 ΧΠ.
267 2251 543 2312 Compositis
569 2251 615 2297 in
646 2251 873 2297 Britannia
897 2250 1051 2305 rebus,
1075 2246 1360 2310 transgress'us

22 2383 25 2385 ς
82 2322 133 2370 in
163 2323 381 2380 Galliam3
412 2323 715 2370 Alexandrina
742 2321 959 2369 seditione
999 2321 1227 2375 turbatus,
1259 2336 1360 2380 quae

84 2407 186 2442 nata
213 2396 275 2442 est
295 2396 356 2442 ob
385 2397 530 2456 Apin,
555 2396 635 2460 qui
658 2414 759 2444 cum
781 2410 980 2457 repertus
1007 2393 1110 2441 effer
1128 2392 1225 2455 post
1242 2392 1360 2438 mul-

86 2480 159 2516 tos
175 2485 345 2530 annos,
360 2470 510 2517 turbas
530 2469 647 2517 inter
664 2469 859 2533 populos
875 2467 1071 2526 creavit,
1088 2466 1206 2529 apud
1227 2480 1359 2528 quem
