1714 2807
509 45 515 73 l

311 125 397 189 198
533 126 1395 176 FLAVIIVOPISCI

309 251 426 281 ream
458 233 716 296 ponendam
746 233 792 281 in
829 233 1065 296 Capitolio
1097 234 1337 283 decrevit:
1374 234 1480 283 item
1513 237 1600 286 sta-

309 319 429 352 tuam
459 319 712 368 argenteam
749 306 795 352 in
831 307 954 354 curia
976 342 988 361 ‚
1021 307 1127 355 item
1156 308 1201 354 in
1235 310 1410 371 templo
1450 311 1566 359 Solis
1588 347 1604 370 ‚

309 378 416 424 item
446 377 491 423 in
519 377 627 424 foro
658 377 777 426 Divi
797 378 995 442 Trajani.
1028 380 1112 426 Sed
1143 398 1271 428 aurea
1304 398 1398 427 non
1426 382 1487 428 est
1517 400 1605 445 po-

309 452 413 498 sita:
440 452 653 499 dedicatae
684 466 830 500 autem
865 454 966 500 sunt
998 454 1102 500 solae
1125 468 1357 519 argenteae.
1379 459 1426 502 ln
1448 457 1606 502 eadem

313 525 524 571 oratione
555 527 702 582 cavit,
729 539 805 582 ut,
832 527 861 572 fi
886 527 984 590 quis
1016 543 1204 590 argento
1233 529 1412 591 publice
1449 529 1606 591 priva-

313 598 483 660 timque
523 615 580 645 aes
616 599 880 657 miscuisset,
918 600 946 645 si
987 601 1084 661 quis
1118 618 1230 648 auro
1271 617 1536 666 argentum,
1575 604 1608 650 fi

314 671 414 734 quis
444 671 521 718 aeri
549 672 786 734 plumbum
810 708 824 731 ,
860 673 1047 734 capitale
1080 674 1207 731 esset,
1240 691 1343 721 cum
1375 676 1608 723 bonorum

314 745 664 808 proscriptione.
693 745 740 790 in
773 747 926 792 eadem
948 747 1159 794 oratione
1188 747 1332 805 cavit,
1352 760 1401 794 ut
1426 747 1541 796 servi
1563 750 1611 795 in

316 819 609 866 dominorum
659 818 805 881 capita
850 836 946 866 non
989 820 1415 885 interrogarentur,
1459 838 1516 868 ne
1563 821 1611 868 in

315 895 443 941 causa
483 894 721 954 majestatis
763 895 961 957 quidem.
997 895 1200 954 addidit,
1230 908 1280 942 ut
1319 894 1611 941 Aurelianum

318 984 477 1015 omnes
520 970 684 1030 picium
722 968 953 1017 haberent.
987 970 1223 1016 Divorum
1260 969 1478 1031 templum
1516 967 1612 1016 fieri

316 1039 462 1101 justit,
494 1043 540 1089 in
571 1061 667 1107 quo
705 1042 842 1089 effent
871 1045 1020 1091 statuae
1053 1044 1314 1105 Principum
1347 1043 1612 1097 bonorum;

317 1113 376 1161 ita
407 1129 456 1161 ut
483 1116 633 1162 iisdem
652 1152 666 1174 ,
700 1117 922 1163 natalibus
946 1117 1058 1173 suis,
1089 1120 1138 1164 &
1173 1117 1415 1175 Parilibus,
1445 1117 1495 1163 &
1523 1117 1615 1162 Ka·

318 1186 463 1233 lendis
504 1187 750 1245 januariis,
792 1190 842 1236 &
888 1189 1044 1245 votis,
1080 1189 1291 1234 libamina
1321 1201 1616 1249 ponerentur.

321 1261 369 1306 In
403 1262 553 1307 eadem
581 1263 790 1310 oratione
814 1262 937 1308 fratri
968 1263 1046 1308 suo
1076 1263 1291 1309 Floriano
1311 1263 1613 1310 Consulatum

320 1333 543 1394 petiit‚&
575 1351 669 1380 non
701 1335 997 1397 impetravit,
1029 1335 1234 1393 idcirco,
1258 1335 1384 1398 quod
1416 1333 1504 1396 jam
1537 1336 1616 1380 Se-

321 1420 451 1453 natus
481 1407 635 1454 omnia
660 1407 862 1454 nundina
889 1407 1176 1455 suffectorum
1207 1408 1463 1454 Consulum
1496 1408 1639 1470 clau-k

322 1479 449 1525 serat.
470 1480 657 1527 Dicitur
681 1492 828 1527 autem
858 1481 1047 1527 multum
1068 1481 1242 1527 laetatus
1270 1483 1455 1528 Senatus
1476 1482 1616 1528 liber-

321 1568 439 1610 tate,
469 1554 595 1616 quod
624 1553 664 1600 ei
694 1567 881 1618 negatus
906 1553 968 1601 est
998 1554 1300 1612 Consulatus,
1326 1571 1460 1618 quem
1490 1555 1615 1603 fratri
1649 1566 1652 1570 ’

322 1626 525 1689 petierat.
551 1630 707 1673 Fertur
724 1625 920 1691 denique
941 1627 1096 1674 dixisse
1112 1663 1129 1686 ‚
1154 1632 1244 1675 Scit
1271 1633 1481 1690 Senatus,
1500 1650 1614 1692 quem

324 1701 563 1761 Principem
587 1698 748 1758 fecerit.

389 1773 450 1819 X.
469 1771 813 1819 ‘Patrimonium
842 1770 968 1819 suum
997 1772 1283 1836 publicavit,
1312 1774 1438 1838 quod
1464 1775 1620 1823 habuit

325 1846 371 1892 in
396 1845 639 1901 reditibus,
666 1844 1004 1892 sestertiumrbis
1022 1846 1184 1893 millies
1209 1847 1518 1910 octingenties.
1541 1850 1619 1894 Pc-

326 1921 523 1977 cuniam,
547 1937 681 1984 quam
703 1919 829 1966 domi
848 1919 1120 1984 collegerat,
1140 1921 1185 1967 in
1209 1921 1474 1983 stipendium
1497 1923 1619 1968 mili-

326 2008 418 2041 tum
440 1993 593 2041 vertit.
619 1994 762 2057 Togis
783 1996 831 2042 &
851 1994 1016 2042 tunicis
1034 1994 1190 2041 iisdem
1210 1994 1270 2041 est
1299 1994 1398 2042 usus
1415 2031 1429 2051 ‚
1454 1995 1619 2058 quibus

324 2069 541 2133 privatus.
562 2068 798 2115 Meritoria
827 2069 942 2115 intra
968 2071 1126 2116 urbem
1154 2070 1264 2116 stare
1288 2071 1463 2118 vetuit:
1491 2071 1618 2133 quod

324 2143 506 2206 quidem
547 2141 625 2188 diu
669 2154 821 2188 tenere
863 2159 957 2188 non
999 2143 1165 2205 potuit.
1206 2144 1426 2191 Thermas
1460 2159 1620 2191 omnes

325 2231 428 2264 ante
458 2216 685 2263 lucernam
726 2216 871 2264 claudi
909 2216 1055 2276 juffit,
1093 2235 1148 2265 ne
1187 2219 1297 2282 quid
1323 2235 1402 2281 per
1440 2218 1619 2265 noctem

325 2290 555 2337 seditionis
581 2290 791 2338 oriretur.
810 2291 1079 2338 Cornelium
1100 2292 1310 2339 Tacitum
1324 2328 1338 2349 ,
1357 2292 1618 2355 scriptorem

326 2363 520 2412 historiae
558 2364 766 2428 Augustae
789 2401 802 2422 ‚
837 2366 964 2428 quod
1000 2379 1231 2428 parentem
1269 2366 1393 2413 suum
1427 2367 1619 2412 eundem

326 2440 525 2499 diceret,
554 2440 601 2486 iu
638 2439 851 2489 omnibus
886 2441 1176 2490 bibliothecis
1215 2440 1435 2490 collocari
1468 2440 1619 2504 jussit:
