1714 2807
317 147 406 192 174
537 131 1406 184 FLAVIIVOPISCI

305 237 363 284 1ae
396 238 653 300 exemplum
683 238 839 286 indidi.
864 240 1055 286 Zenobia
1087 245 1230 303 regina
1265 246 1482 303 Orientis,
1505 249 1608 293 Au·

307 313 465 372 reliano
485 313 691 378 Augusta
722 315 856 358 Nemo
879 316 1018 360 adhuc
1032 350 1044 369 ‚
1064 333 1214 376 practer
1231 334 1266 362 te
1281 353 1292 371 ,
1312 322 1426 378 quod
1437 320 1609 379 poscis,

306 388 435 433 literis
450 388 588 446 peciit.
619 389 779 433 Virtute
789 387 1039 447 faciendum
1070 391 1145 454 est,
1176 392 1385 452 quidquid
1409 396 1455 438 itz
1493 397 1610 440 rebus

307 463 467 506 bellicis
493 461 811 525 est'gerendum.
857 464 1135 509 Deditionem
1168 484 1300 510 meam
1326 470 1467 526 petis:
1497 467 1616 532 quasi

310 536 498 596 nefiias,
533 537 794 595 Cleopatram
813 539 996 598 reginam
1018 541 1150 598 perire
1175 539 1366 602 maluiffe
1381 577 1392 597 ‚
1411 560 1534 601 quam
1564 545 1610 588 itt

310 610 494 669 qualibet
515 610 646 654 vivere
677 609 899 671 dignitate.
927 612 1070 655 Nobis
1092 612 1309 670 Persizrum
1333 617 1504 660 auxilia
1524 633 1612 661 non

309 683 484 742 deficat,
512 700 598 743 quae
621 681 722 739 jam
735 684 985 744 speramus:
1001 702 1081 744 pro
1112 687 1233 729 nohis
1249 687 1360 745 sime
1386 692 1612 747 Saraceni,

300 774 384 816 pro
399 758 522 801 nobis
539 758 749 801 Armenii.
770 759 969 801 Latrones
990 758 1096 816 Syri
1106 760 1328 802 exercitum
1347 774 1461 804 tuum
1474 794 1487 817 ,
1509 769 1613 807 Au-

311 832 482 886 reliane,
503 831 698 875 vicerunt.
715 831 819 889 quid
837 828 1036 892 igicur,fi
1054 831 1131 874 illa
1155 834 1308 875 venerit
1329 849 1480 878 manus
1493 868 1505 889 ,
1525 851 1613 893 quoe

311 904 495 961 undique
501 903 731 962 speratur?
741 919 875 962 pones
885 900 1067 962 profec‘lo
1076 902 1349 967 sqpercilium
1365 939 1377 960 ,
1396 923 1477 966 quo
1498 924 1611 952 nunc

311 976 418 1019 milri
447 975 733 1032 deditionem,
769 973 890 1038 quasi
923 974 1200 1033 omnifariam
1234 977 1382 1034 vin,
1420 981 1614 1039 imperas.

312 1049 444 1095 Hanc
465 1047 701 1110 epistolam
730 1047 1040 1095 Nicomachus
1065 1046 1107 1094 se
1135 1048 1393 1096 transtulisse.
1416 1049 1460 1097 in
1483 1052 1616 1098 Grae-

313 1137 417 1168 cum
448 1138 504 1168 ex
529 1121 680 1186 lingua
704 1122 931 1184 Syrorum
959 1119 1090 1174 dicit,
1112 1120 1167 1166 ab
1195 1119 1287 1183 ipsa
1315 1122 1519 1170 Zenobia
1542 1125 1615 1170 di-

311 1195 489 1244 fidtam.
513 1212 614 1241 nam
638 1194 711 1240 illa
733 1194 938 1256 superior
959 1193 1381 1251 Aureliani,Graeca
1400 1196 1520 1244 missa
1538 1197 1617 1248 est.

382 1271 604 1317 XXVlll.
623 1269 704 1315 His
722 1267 918 1329 acceptis
935 1268 1075 1315 literis
1089 1304 1103 1326 ,
1119 1270 1385 1316 Aurelianus
1401 1287 1494 1332 non
1516 1288 1616 1318 eru-

313 1346 442 1403 buit,
461 1346 533 1393 sed
556 1345 692 1392 iratus¹
717 1344 806 1390 est:
836 1343 1070 1407 statimque
1099 1344 1295 1391 colleElO
1327 1347 1531 1393 exercitu
1562 1362 1615 1393 ac
1656 1356 1660 1363 ’

316 1421 508 1468 ducibus
541 1418 653 1475 suis,
688 1416 890 1479 undique
931 1418 1188 1482 Palmyram
1228 1418 1432 1466 obsedit:
1471 1436 1617 1483 neque
1656 1442 1659 1444 ·

316 1496 566 1559 quidquam
592 1492 665 1541 vir
684 1491 816 1539 fortis
842 1491 1050 1554 reliquit,
1067 1492 1195 1555 quod
1211 1505 1287 1539 aut
1306 1492 1614 1554 imperfectum
1665 1482 1673 1487 ¹

317 1569 585 1620 videretur,
618 1579 703 1612 aut*
721 1564 989 1613 incuratum.
1027 1566 1144 1611 Nam
1177 1567 1227 1612 &
1247 1567 1438 1623 auxilia,
1465 1584 1563 1630 quae
1593 1584 1620 1614 a

318 1642 459 1689 Persis
489 1639 614 1686 miffa
643 1637 843 1694 fuerant,
876 1638 1138 1700 intercepit:
1170 1639 1219 1686 δε
1261 1640 1349 1686 alas
1380 1641 1618 1688 Saracenas

322 1712 650 1776 Armeniasque
681 1710 913 1773 corrupit,
943 1723 1076 1773 atque
1105 1712 1159 1757 ad
1191 1709 1256 1768 se,
1286 1713 1427 1759 modo
1454 1704 1622 1760 feroci-

319 1799 389 1834 ter
405 1821 419 1845 ,
449 1786 593 1832 modo
617 1783 868 1841 subtiliter,
895 1782 1143 1840 transtuli13
1173 1783 1366 1846 denique
1389 1784 1487 1846 post
1508 1785 1623 1831 rnul-

321 1872 367 1906 ἵει
399 1858 636 1905 mulierem
666 1855 1017 1919 potentiffimarn
1051 1852 1178 1904 vicitss
1216 1857 1343 1904 Vitta
1373 1858 1508 1921 igitur
1535 1854 1623 1904 Ze-

321 1932 462 1979 nobia
485 1948 588 1978 cum
607 1930 780 1993 fugeret
800 1929 980 1977 camelis
993 1964 1006 1987 ‚
1024 1945 1139 1993 quos
1153 1929 1378 1977 dromatas
1396 1931 1623 1986 vocitant,

321 2018 457 2068 atque
484 2005 541 2050 ad
573 2004 720 2050 Persas
751 2003 835 2048 iter
867 2002 1094 2059 tenderet,
1126 2003 1352 2064 equitibus
1386 2004 1520 2050 miffis
1559 2003 1623 2049 est

324 2089 474 2139 capta,
489 2090 625 2139 atque
646 2076 690 2120 in
710 2074 938 2122 Aureliani
959 2075 1219 2137 potestatem
1238 2076 1439 2123 dedutla.
1464 2076 1623 2123 Victor

323 2149 477 2213 itaque
495 2149 788 2206 Aurelianus,
808 2147 1034 2211 totiusque
1056 2148 1142 2207 jam
1164 2149 1366 2196 Orientis
1387 2149 1626 2212 possessor,

324 2238 429 2270 cum
454 2222 499 2267 in
523 2221 720 2270 vinculis
739 2221 987 2268 Zenobiam
1014 2234 1185 2268 teneret
1219 2239 1321 2269 cum
1354 2223 1513 2280 Persis,
1539 2226 1625 2270 Ar-

326 2296 514 2354 meniis,
544 2295 807 2352 Saracenis,
828 2294 1061 2356 superbior
1083 2310 1217 2359 atque
1246 2296 1514 2343 insolentior
1534 2297 1627 2359 egit

328 2385 410 2427 ea,
441 2387 544 2433 quae
572 2369 689 2416 ratio
722 2367 940 2431 temporis
968 2369 1232 2430 postulabat.
1262 2371 1394 2416 Tunc
1427 2369 1514 2415 illae
1546 2386 1626 2416 ve-

332 2442 417 2490 stes
432 2478 447 2503 ,
472 2458 584 2508 quas
608 2442 655 2491 in
679 2442 850 2506 templo
871 2441 990 2489 Solis
1013 2441 1245 2503 videmus,
1266 2442 1484 2491 consertae
1501 2458 1626 2507 gem-
