1637 2785
310 141 640 192 SEVERUS
677 150 1126 204 mereamor-³..
1281 168 1364 224 145·

93 243 143 293 &
167 245 495 306 abstinentiam,
520 262 689 298 tantum
713 289 725 311 ,
753 271 970 318 quantum
995 278 1158 323 nemo,
1187 267 1370 319 dileclus

93 318 169 365 est.
209 319 388 366 Deinde
424 323 677 371 Pannonias
716 331 1030 389 proconsulari
1069 338 1259 399 imperio
1296 359 1371 390 re-

95 392 175 440 xit.
200 393 302 439 Post
327 394 416 442 hoc
441 396 635 445 Siciliam
659 404 1022 462 proconsularem
1046 408 1163 458 sorte
1184 418 1371 467 meruit:

95 462 367 527 suscepitque
388 468 547 515 Romae
572 472 756 520 alterum
786 474 943 525 filium.
973 481 1022 526 In
1048 481 1218 543 Sicilia,
1248 491 1388 551 quast·

94 533 148 580 de
173 536 362 598 imperio
397 539 466 586 vel
508 555 657 599 vates,
689 547 761 592 vel
789 549 1024 598 Chaldaeos
1057 556 1370 621 consuluisset,

92 622 193 654 reus
220 609 383 669 factus,
416 615 534 674 apud
563 615 797 679 Praefectos
833 626 1069 684 praetorio,
1101 629 1262 691 quibus
1290 650 1371 680 au·

93 681 278 730 diendus
305 686 430 733 datus
456 687 624 749 fuerat,
649 689 734 751 jam
759 695 1022 744 Commodo
1046 702 1092 747 in
1115 705 1269 752 odium
1292 725 1370 756 ve-

92 754 242 802 niente
256 789 270 811 ,
289 758 515 807 absolutus
539 763 624 820 est,
642 765 964 816 calumniatore
983 762 1032 818 in
1058 791 1237 824 crucem
1258 782 1371 832 asto·

95 821 390 876 Consulatum
421 849 522 878 cum
559 837 783 899 Appulejo
811 840 981 890 Rufino
1024 846 1215 907 primum
1251 854 1373 917 egit,

92 903 356 950 Commodo
383 905 423 951 se
448 906 562 953 inter
588 911 806 971 plurimos
832 915 1098 979 designante.
1120 924 1220 969 1³0st
1243 927 1371 974 Con-

94 972 279 1020 sulatum
297 1010 310 1029 ,
343 993 464 1023 anno
495 979 631 1027 ferme
657 981 743 1029 fuit
776 986 935 1033 Romae
960 990 1158 1040 otiosus:
1186 996 1371 1058 deinde,

92 1045 219 1091 Laeto
241 1046 526 1112 suffragante,
547 1056 758 1102 exercitui
780 1060 1055 1122 Germanico
1074 1070 1377 1130 praeponitur..

92 1115 380 1167 Proficiscens
409 1124 461 1169 ad
490 1125 785 1175 Germanicos
810 1134 1052 1193 exercitus,
1077 1137 1237 1188 hortos
1270 1143 1369 1205 spa-

91 1190 231 1238 tiosos
251 1196 553 1255 comparavit,
574 1215 673 1245 cum
700 1215 827 1248 antea
848 1205 962 1253 aedes
985 1208 1254 1262 breviffimas
1273 1217 1371 1265 Ro-

92 1279 177 1309 mae
205 1264 444 1325 habuisset,
468 1270 517 1316 &
542 1287 680 1318 unum
705 1273 909 1324 fundum.
928 1281 977 1325 In
1010 1281 1075 1328 his
1097 1284 1238 1333 hortis
1264 1306 1369 1338 cum

92 1334 217 1381 humi
239 1336 384 1396 jacens
409 1341 660 1402 epularetur
684 1361 787 1392 cum
809 1346 910 1395 filiis
939 1368 1068 1412 parca
1100 1372 1230 1404 coena
1246 1396 1258 1415 ‚
1286 1379 1369 1423 po-

92 1426 249 1472 maque
277 1414 476 1474 apposita
496 1415 639 1478 major
660 1418 774 1467 filius
790 1457 803 1478 ‚
820 1423 898 1483 qui
928 1439 1034 1474 tunc
1064 1431 1369 1494 quinquennis

91 1497 216 1546 erat,
236 1502 336 1531 cum
358 1489 654 1539 collusoribus
673 1498 865 1553 puerulis
885 1517 1019 1547 manu
1039 1503 1229 1566 largiore
1251 1509 1369 1556 divi-

92 1556 215 1602 deret
231 1591 244 1614 ,
260 1575 468 1622 paterque
485 1562 608 1609 illum
625 1569 951 1627 reprehendens
971 1574 1143 1621 dixisset
1157 1613 1168 1633 ‚
1186 1580 1367 1629 Parcius

91 1632 227 1678 divide
238 1651 258 1688 ;
290 1652 374 1680 non
403 1640 511 1682 enlm
550 1644 680 1700 regias
721 1662 813 1702 opes
836 1646 1039 1707 poffides:
1062 1639 1366 1714 quinquennis

92 1720 203 1765 puer
218 1705 474 1775 respondit,
494 1716 578 1756 Sed
591 1714 807 1775 poſjidebo.
836 1719 885 1761 ln
904 1719 1188 1768 Germaniam
1211 1727 1368 1786 profe-

93 1778 207 1832 Eius,
230 1777 289 1824 ita
319 1788 358 1825 le
381 1780 426 1827 in
456 1798 505 1828 ea
531 1783 752 1845 legatione
779 1789 894 1850 egit,
921 1804 968 1837 ut
988 1791 1178 1855 famam,
1199 1800 1367 1848 nobili-³

90 1864 225 1899 tatam
255 1850 342 1913 jam
369 1868 470 1901 ante
489 1891 502 1912 ‚
533 1860 794 1907 cumularet.

175 1928 230 1974 V.
253 1928 307 1972 Et
327 1927 535 1976 hactenus
555 1950 645 1977 rem
669 1934 902 1983 militarem
925 1938 1126 2000 privatus
1145 1943 1251 2007 egit.
1269 1948 1367 1994 De-

89 1996 194 2044 hinc
214 2015 234 2042 a
248 1999 527 2048 Germanicis
544 2003 810 2066 legionibus,
828 2010 903 2054 ubi
921 2012 1118 2059 auditum
1130 2016 1206 2070 est,
1225 2019 1365 2066 Com-

89 2071 276 2116 modum
305 2074 501 2120 occisum
520 2110 534 2129 ,
563 2078 782 2125 lulianum
803 2097 959 2128 -autem
987 2101 1087 2131 cum
1115 2089 1224 2134 odio
1252 2107 1367 2137 cun-⁵·

47 2145 52 2149 ’
91 2142 266 2190 &orum
305 2144 550 2208 imperare,
588 2152 738 2199 multis
767 2154 1078 2214 hortantibus,
1111 2177 1368 2223 repugnans

91 2218 336 2277 Imperator
369 2219 429 2264 est
465 2222 708 2281 appellatus
743 2228 860 2287 apud
896 2224 1172 2290 Carnutum,
1219 2237 1366 2284 ldib'u's

91 2286 310 2349 Augustis.
337 2291 576 2353 quingenta
604 2293 821 2356 sestertia,
845 2302 967 2362 quod
997 2320 1132 2349 nemo
1163 2323 1365 2369 unquam

90 2358 372 2420 Principum,
406 2363 617 2411 militibus
644 2368 775 2415 dedit.
800 2370 1005 2429 Deinde,
1027 2375 1235 2435 firmatis,
1253 2397 1364 2441 quas

91 2431 190 2493 post
222 2446 394 2495 tergum
418 2436 724 2501 relinquebat,
745 2444 1028 2506 provinciis,
1055 2449 1248 2500 Romam
1277 2453 1363 2502 iter

164 2507 328 2566 Scriptt.
364 2508 426 2556 H,
456 2514 516 2556 A.
748 2529 756 2533 ’
1032 2521 1076 2565 K
