1714 2807
342 133 433 179 190
513 116 686 164 FLAV.
722 112 956 162 VOPISCI
992 113 1118 161 DN.
1158 112 1569 165 AURELIANUS.

338 224 613 274 meruissent.
636 223 830 270 Calceos
864 222 1084 278 mulleos,
1111 223 1158 267 ὅ(
1188 237 1366 274 cereOS.
1392 223 1439 268 ὅ(
1471 222 1598 268 albos
1619 256 1636 279 ,

336 300 389 346 δι
416 297 676 344 hederacios
700 295 809 342 viris
835 294 1049 341 omnibus
1071 295 1203 354 tulit3
1235 295 1497 341 mulier-‚bus
1526 295 1632 342 reli-

336 371 448 436 quit.
469 371 690 417 Cursores
702 386 758 416 eo
781 369 934 415 habitu
949 407 958 422 ‚
980 385 1073 431 quo
1092 368 1180 426 ipse
1203 369 1392 414 habebat
1411 405 1422 422 ,
1441 368 1634 416 Senato-

336 447 465 494 ribus
496 444 727 492 conceffit.
746 443 1040 491 Concubinas
1059 441 1275 506 ingenuas
1303 442 1455 488 haberi
1478 442 1637 489 vetuit.

336 519 669 567 Eunuchorum
701 517 887 564 modum
908 532 992 578 pro
1019 514 1253 561 senatoriis
1284 514 1636 575 profeilionibus

337 590 517 645 statuit,
536 590 739 648 idcirco,
763 589 886 650 quod
926 588 978 634 ad
1007 587 1204 650 ingentia
1234 600 1373 648 pretza
1411 586 1635 648 pervenis·

336 666 450 714 sent.
466 665 556 711 Vas
574 663 744 728 argenti
762 662 857 722 ejus
879 678 1105 723 nunquam
1129 662 1310 723 triginta
1338 661 1469 707 libras
1491 675 1636 707 trans·

336 739 404 788 iit.
431 738 721 786 Convivium
741 736 795 782 de
817 734 1013 782 affaturis
1032 734 1224 781 maxime
1244 732 1342 780 fuit.
1380 733 1505 781 Vino
1527 733 1633 781 rufo

338 815 539 862 maxime
574 810 813 857 delectatus
845 808 921 857 est.

406 884 453 933 L.
472 884 700 931 Medicum
723 882 777 928 ad
796 882 856 940 se,
880 898 979 928 cum
1001 889 1268 943 aegrotaret,
1290 895 1524 942 nunquam
1545 896 1636 926 vo-

337 959 496 1016 cavit,
531 956 602 1003 sed
630 956 722 1019 ipse
751 954 794 1001 se
825 955 971 1002 inedia
1000 954 1227 1017 praecipue
1256 953 1453 999 curabat.
1483 952 1635 1001 Uxori

337 1034 391 1079 &
420 1029 522 1076 filiae
549 1028 731 1074 anulum
758 1026 1058 1090 sigillaricium
1075 1061 1088 1081 ‚
1110 1025 1240 1085 ¹quasi
1262 1025 1488 1089 privatus,
1511 1025 1635 1072 insti-

340 1102 441 1151 tuit.
468 1100 621 1147 Servis
660 1099 743 1146 suis
784 1099 926 1145 vestes
952 1097 1124 1144 easdem
1152 1100 1419 1160 Imperator,
1443 1113 1553 1159 quas
1585 1098 1636 1144 &

341 1176 572 1239 privatus,
591 1172 734 1228 dedit,
755 1186 915 1234 praeter
939 1172 1052 1217 duos
1073 1171 1193 1217 senes
1210 1205 1225 1229 ,
1246 1171 1409 1233 quibus
1438 1169 1558 1233 quafi
1583 1170 1635 1217 li-

342 1249 481 1298 bertis
512 1246 754 1310 plurimum
784 1245 972 1302 detulit,
1009 1244 1249 1290 Antistium
1292 1246 1338 1290 &
1368 1242 1599 1290 Gillonem
1621 1276 1637 1299 ,

341 1324 424 1388 qui
470 1320 572 1384 post
614 1335 715 1367 eum
739 1355 753 1375 ‚
782 1334 838 1365 ex
878 1319 1065 1364 Senatus
1106 1316 1353 1375 sententia,
1384 1315 1634 1362 manumiffi

341 1394 459 1445 finnt.
483 1396 588 1440 Erat
608 1392 788 1457 quidem
822 1408 943 1437 rarus
970 1391 1015 1437 in
1043 1389 1387 1452 voluptatibus;
1411 1389 1482 1435 sed
1516 1390 1636 1434 miro

342 1471 488 1519 modo
525 1465 672 1514 mimis
712 1464 1043 1511 deleciabatur:
1070 1463 1451 1509 vehementissime
1488 1476 1636 1508 autem

343 1544 587 1593 deleamus
610 1539 670 1587 est
695 1539 933 1602 Phagone‚
955 1536 1034 1599 qui
1054 1536 1192 1593 usque
1216 1552 1273 1581 eo
1300 1536 1487 1581 multum
1509 1551 1634 1583 com.

343 1617 471 1672 edit,
504 1628 552 1662 ut
589 1629 684 1659 uno
725 1612 795 1658 die
828 1624 931 1657 ante
964 1610 1157 1656 mensam
1197 1606 1293 1671 ejus
1331 1626 1485 1671 aprum
1524 1609 1636 1657 'mte-

345 1706 498 1755 grum,
519 1700 698 1736 centurn
720 1701 883 1748 panes,
904 1700 1146 1730 vervecem
1171 1685 1218 1730 δι
1239 1683 1488 1744 porcellum
1511 1699 1637 1730 com·

345 1764 528 1816 ederet;
560 1759 732 1806 biberet
763 1770 910 1805 autem
945 1756 1235 1804 infundibulo
1266 1757 1471 1819 apposito
1493 1792 1506 1814 ,
1539 1757 1637 1817 plus

345 1850 471 1883 orca.
508 1831 680 1879 Habuit
713 1842 890 1892 tempus
912 1864 926 1884 ,
965 1842 1126 1891 praeter
1160 1827 1398 1875 seditiones
1424 1829 1635 1891 quasdam

346 1906 644 1962 domesticas,
679 1903 1088 1952 fortunatiffimum.
1127 1903 1324 1962 Populus
1360 1916 1506 1951 autem
1537 1903 1635 1950 Ro-

349 1996 505 2030 manus
532 1995 634 2028 eum
661 1978 865 2026 amavit:
898 1977 1083 2024 Senatus
1115 1978 1163 2025 &
1192 1971 1356 2024 timuit.

751 2142 1238 2175 ι...-.-..-.........
