1637 2785
262 126 516 175 DtvUS
565 126 1119 176 AURELIANUS.
1259 145 1348 192 ¹77

58 236 150 282 nis:
180 237 303 280 habes
330 251 514 296 gemmas
540 235 688 295 regias.
714 235 792 278 Ex
818 236 886 279 lzis
913 237 1105 280 omnibus
1117 234 1198 294 fac
1226 239 1356 283 coho-

56 311 204 374 nestari
235 314 429 370 templum
449 325 466 352 .·
501 310 604 352 milzi
635 306 677 352 ξ’·
697 311 804 353 Diis
833 310 1140 355 immortalibus
1166 310 1359 374 ‘gratffl-

59 382 341 441 mumficeris.
362 383 458 442 Ego
480 383 540 425 ad
557 383 760 425 Senatum
772 382 960 441 scribam
975 417 985 433 ‚
1004 399 1175 442 petens,
1195 400 1241 430 uc
1256 387 1359 430 mit·

59 474 123 505 tat
142 458 385 515 Pontificem
399 490 412 511 ‚
434 457 505 516 qui
523 458 675 500 dedicet
697 458 906 515 templum.
930 455 1009 500 Hae
1034 457 1170 503 literae
1185 492 1199 514 ,
1221 471 1269 504 ut
1289 458 1360 506 vi·

59 530 240 584 demus,
269 527 470 575 indicant
501 525 693 574 satiatam
720 526 804 574 effe
831 526 1153 575 immanitatem
1185 530 1360 580 Princi-

58 602 130 667 pis
152 600 268 647 duri.

127 676 321 722 XXXll.
343 671 557 720 Securior
578 672 771 736 denique
797 672 956 720 iterum
976 673 1021 720 in
1044 675 1273 738 Europam
1288 693 1362 724 re-

61 749 164 796 diit:
192 763 325 809 atque
347 747 435 794 illic
459 763 618 794 omnes
633 784 645 803 ‚
663 747 740 810 qui
768 749 1049 810 vagabantur
1065 785 1078 804 ‚
1108 750 1255 797 hostes
1276 767 1362 798 no·

61 835 109 870 ta
139 822 211 868 illa
238 820 313 867 sua
347 820 516 868 virtute
542 820 764 867 contudit.
797 820 977 866 Interim
1010 838 1078 869 res
1105 839 1184 885 per
1211 824 1363 871 Thra·

64 897 157 944 cias
184 897 499 955 Europamque
520 910 702 940 omnem
735 893 980 939 Aureliano
1005 894 1208 958 ingentes
1227 913 1364 960 agen-

65 983 140 1026 te,
184 969 356 1013 Fnrmus
396 967 576 1028 quidam
614 967 805 1021 exstitit,
844 967 923 1030 qui
964 968 1366 1033 sibi'AEgyptum,

66 1041 159 1089 fine
187 1039 430 1102 insignibus
456 1039 658 1101 imperii,
687 1038 808 1102 quasi
840 1052 889 1084 ut
915 1039 1018 1085 effet
1052 1041 1215 1088 civitas
1250 1042 1366 1090 libe-

66 1130 142 1170 ra,
179 1111 445 1159 vindicavit.
473 1113 526 1157 ad
563 1128 696 1173 quem
729 1111 956 1157 continuo
989 1113 1257 1161 Aurelianus
1291 1132 1366 1162 re·

67 1186 237 1236 vertit:
276 1200 359 1231 nec
396 1183 461 1229 illi
501 1182 642 1230 defuit
679 1183 867 1230 felicitas
906 1184 1048 1231 solita.
1081 1202 1182 1232 nam
1216 1189 1368 1253 AEgy-

69 1274 197 1323 ptum
229 1258 373 1305 statim
405 1257 600 1319 recepit:
634 1269 790 1319 atque,
828 1271 878 1303 ut
910 1270 1005 1304 erat
1031 1258 1164 1305 ferox
1195 1261 1367 1323 animi,

69 1333 351 1396 cogitatione
373 1332 539 1378 multus
553 1367 567 1388 ,
588 1331 881 1377 vehementer
900 1330 1087 1379 irascens
1105 1369 1118 1389 ,
1139 1336 1265 1396 quod
1285 1337 1368 1383 ad-

69 1407 166 1454 huc
183 1404 394 1452 Tetricus
419 1403 590 1449 Gallias
609 1401 864 1458 obtineret,
882 1403 1183 1451 Occidentem
1212 1408 1366 1469 petiit:

71 1492 207 1541 atque
235 1477 333 1538 ipso
353 1476 543 1524 Tetrico
563 1474 807 1522 exercitum
828 1475 953 1521 suum
975 1477 1222 1539 prodente,
1242 1483 1371 1545 quod

71 1550 170 1610 ejus
202 1550 363 1596 icelera
393 1547 506 1593 ferre
539 1563 632 1593 non
668 1547 836 1608 poffet,
862 1548 1029 1595 deditas
1061 1550 1140 1596 fibi
1169 1550 1372 1614 legiones

74 1621 289 1668 obtinuit.
328 1619 542 1680 Princeps
573 1618 706 1680 igitur
742 1619 884 1666 totius
913 1621 1036 1667 orbis
1066 1624 1371 1688 Aurelianus,

74 1694 239 1758 pacatis
266 1694 485 1751 Oriente,
515 1692 686 1749 Gallis,
713 1707 846 1756 atque
876 1695 1078 1759 undique
1100 1698 1249 1758 terris,
1272 1701 1372 1748 Ro-

65 1785 196 1829 -mam
232 1767 315 1814 iter
354 1765 506 1821 flexit,
539 1779 586 1810 ut
623 1767 676 1811 de
713 1767 916 1813 Zenobia
947 1770 996 1816 &
1027 1769 1246 1830 Tetrico,
1278 1775 1373 1824 hoc

63 1841 166 1898 est,
193 1841 247 1887 de
269 1839 460 1886 Oriente
480 1840 529 1886 &
549 1838 804 1886 Occidente
818 1871 832 1896 ,
852 1841 1129 1904 triumphum
1151 1845 1372 1896 Romanis

79 1914 229 1963 oculis
255 1913 506 1958 exhiberet.
753 1926 759 1932 ·

145 1987 365 2034 XXXIII.
396 1987 505 2032 Non
536 1984 591 2032 ab
620 2001 667 2032 re
693 1983 754 2032 est
790 1984 1091 2050 cognoscere,
1126 1988 1204 2053 qui
1240 1987 1374 2041 fuerit

80 2059 314 2109 Aureliani
340 2059 606 2121 triumphus.
637 2058 721 2105 fuit
745 2060 863 2106 enim
887 2043 1237 2123 speciofiffiriius.
1259 2066 1375 2113 Cur-

80 2150 159 2181 rus
179 2132 288 2196 regii
310 2145 398 2179 tres
419 2131 623 2180 fuerunt:
655 2133 701 2179 in
726 2132 793 2179 his
823 2151 936 2180 unus
962 2135 1190 2192 Odenati,
1217 2153 1375 2199 argen-

82 2219 164 2264 to,
182 2222 323 2264 auro,
351 2208 398 2254 &
426 2206 612 2270 gemmis
637 2208 856 2268 operosus
879 2221 1012 2270 atque
1033 2207 1287 2256 distinftus:
1313 2211 1376 2257 al·

81 2294 178 2338 ter,
215 2297 348 2343 quem
382 2296 461 2327 rex
500 2281 727 2329 Persarum
773 2279 1018 2329 Aureliano
1062 2283 1190 2330 dono
1223 2285 1377 2346 dedit,

83 2354 176 2416 ipse
204 2370 386 2416 quoque
423 2353 516 2415 pari
553 2370 691 2416 opere
731 2353 994 2402 fabricatus:
1027 2355 1212 2414 tertius,
1240 2373 1376 2420 quem

86 2427 167 2475 fibi
190 2428 393 2474 Zenobia
418 2429 765 2490 composuerat,
786 2428 990 2493 sperans,
1019 2429 1062 2477 se
1095 2430 1251 2478 urbem
1282 2433 1378 2486 Rc:

184 2503 356 2564 Scriptt⁸
388 2503 454 2552 H.
485 2504 546 2552 A.
587 2507 686 2553 Vol.
718 2504 784 2553 II.
1072 2505 1126 2550 M
