1714 2807
336 173 427 216 242
560 150 920 200 FLAvtt
987 127 1415 194 VOPISTCI

335 265 501 318 nitate,
516 277 594 324 per
611 260 809 306 Nervam
831 269 963 319 atque
976 252 1218 313 Traianum
1235 287 1247 308 ‚
1264 250 1402 313 usque
1423 247 1477 296 ad
1498 249 1616 295 Mar:

337 354 442 388 cum
470 334 603 380 solito
638 331 825 385 melior,
855 327 1101 376 Commodi
1128 323 1355 372 vaecordia
1388 323 1435 370 δι
1459 321 1618 368 crude-

334 412 459 459 litate
486 409 673 454 lacerata
702 404 785 452 est:
816 403 987 449 nullum
1018 400 1116 462 post
1152 399 1276 455 haec,
1298 406 1457 458 praeter
1481 395 1620 440 Seve-

338 484 379 534 ri
407 478 710 545 diligentiam,
742 475 877 537 usque
909 475 963 520 ad
1001 471 1303 519 Alexandrum
1337 469 1619 520 Mammam,

339 554 468 606 sensit
491 555 677 599 bonum.
700 551 905 611 Longum
931 545 992 592 est
1007 581 1019 601 ‚
1039 561 1138 606 quae
1168 543 1411 605 sequuntur
1429 538 1620 586 univer-

339 630 382 678 sa
421 624 697 675 conneflere.
731 621 809 666 Uti
844 617 965 665 enim
1002 615 1209 676 Principe
1245 612 1491 660 Valeriano
1525 627 1621 656 non

340 701 519 769 potuit:
555 699 603 743 &
632 693 888 742 Gallienum
927 706 1004 752 per
1038 688 1295 751 quindecim
1327 701 1471 732 annos
1506 684 1621 746 passa

340 776 417 825 es..
440 769 611 819 Invidit
633 764 827 814 Claudio
852 761 1226 825 longinquitatem
1251 757 1452 820 imperii,
1470 773 1624 803 amans

341 846 606 895 varietatum
642 854 813 902 prope,
844 839 892 883 δι
923 836 1092 897 semper
1125 832 1308 880 inimica
1338 829 1522 877 fortuna
1557 828 1624 889 ju·

341 919 486 967 stitiae.
508 914 580 962 Sic
604 913 722 958 enim
747 909 1013 956 Aurelianus
1039 906 1213 953 occisus
1242 904 1328 960 est,
1353 904 1412 951 {ic
1437 902 1625 949 Tacitus

339 990 564 1041 absumtus
581 1021 594 1041 ,
615 985 674 1031 fic
695 985 866 1030 Probus
893 981 1053 1037 caesus,
1076 991 1123 1024 ut
1144 989 1380 1040 appareat,
1402 974 1511 1021 nihil
1532 988 1622 1020 tam

342 1075 513 1128 gratum
541 1057 624 1105 effe
651 1055 848 1103 fortunae
866 1089 879 1110 ,
904 1069 1037 1115 quam
1061 1064 1109 1098 ut
1133 1068 1205 1108 ea,
1229 1066 1328 1112 quae
1353 1048 1453 1094 sunt
1473 1047 1518 1092 in
1542 1063 1627 1109 pu-

342 1135 471 1185 blicis
506 1131 698 1185 affitibus,
736 1129 980 1174 eventuum
1017 1123 1230 1170 varietate
1263 1133 1506 1167 mutentur.
1540 1118 1627 1166 Sed

343 1205 558 1270 quorsum
588 1201 750 1248 talibus
781 1198 974 1263 querelis
999 1199 1047 1244 &
1079 1209 1335 1258 temporum
1360 1192 1527 1240 casibus
1553 1192 1627 1237 di-

344 1275 586 1330 stinemur?
612 1273 843 1321 veniamus
868 1272 921 1317 ad
943 1271 1109 1316 Carum
1125 1305 1137 1323 ‚
1163 1267 1358 1314 medium
1375 1299 1388 1320 ,
1406 1277 1456 1310 ut
1475 1264 1534 1309 ita
1560 1262 1628 1308 di-

343 1354 514 1407 xerim,
539 1349 686 1397 virum
702 1383 716 1405 ‚
733 1346 848 1392 inter
877 1345 1027 1391 bonos
1051 1342 1186 1405 magis
1203 1376 1215 1396 ,
1236 1356 1369 1403 quam
1394 1338 1511 1383 inter
1531 1353 1629 1382 ma-

344 1428 418 1474 los
447 1421 674 1483 Principes
699 1415 1045 1471 collocandum,
1073 1415 1120 1460 &
1150 1413 1285 1474 longe
1313 1409 1574 1466 meliorem,
1597 1405 1628 1454 fi

349 1497 570 1548 Carinum
607 1508 700 1539 non
735 1488 977 1552 reliquisset
1005 1486 1227 1533 heredem.

415 1571 492 1617 IV.
516 1564 621 1613 Cari
641 1562 780 1627 patria
800 1563 857 1608 sic
877 1561 1081 1622 ambigue
1108 1575 1131 1604 a
1160 1554 1378 1619 plerisque
1398 1553 1631 1617 proditur,

350 1659 402 1694 ut
440 1639 674 1705 praesumte
710 1636 944 1683 veritatem
970 1634 1116 1680 dicere
1154 1644 1397 1691 nequeam,
1422 1642 1522 1689 quae
1554 1624 1632 1671 illa

350 1734 460 1766 vera
487 1715 553 1762 stt.
581 1709 820 1759 Onesimus
846 1707 966 1754 enim
985 1741 998 1762 ‚
1029 1704 1104 1769 qui
1134 1701 1461 1767 diligentissime
1488 1699 1633 1744 vitam

349 1789 489 1840 Probi
526 1783 725 1847 scripfit,
762 1782 924 1827 Romae
966 1779 1089 1825 illum
1120 1777 1171 1823 &
1215 1788 1368 1821 natum
1402 1775 1451 1819 &
1490 1767 1632 1817 literis

352 1861 604 1916 eruditum,
630 1856 702 1903 sed
733 1852 1004 1919 Illyricianis
1029 1848 1284 1914 parentibus
1325 1839 1484 1900 fuiffe‚'
1514 1859 1633 1889 con-

352 1930 509 1978 tendit.
538 1927 622 1973 Sed
659 1925 818 1972 Fabius
850 1922 1129 1977 Cerilianus,
1155 1918 1231 1982 qui
1261 1912 1635 1977 temporaCari,

351 2001 539 2057 Carini,
571 2002 619 2047 ὅ(
653 1996 918 2045 Numeriani
953 1992 1241 2042 sollertiffime
1270 1988 1521 2051 persecutus
1546 1985 1636 2042 est,

355 2090 503 2138 neque
525 2075 711 2127 Romae,
736 2070 809 2116 sed
833 2071 877 2116 in
908 2066 1093 2130 illyrico
1115 2063 1311 2127 genitum
1327 2095 1341 2118 ,
1366 2074 1508 2121 neque
1528 2059 1637 2104 Pan-

356 2147 534 2203 noniis,
549 2145 620 2193 sed
640 2142 793 2191 Poenis
816 2140 1069 2204 parentibus
1089 2136 1229 2184 asserit
1252 2146 1417 2181 natum.
1435 2136 1482 2187 ln
1503 2130 1638 2193 ephe-

356 2222 528 2272 meride
564 2220 754 2283 quadam
783 2215 932 2279 legisse
969 2212 1179 2268 memini,
1209 2210 1373 2255 Carum
1413 2203 1641 2252 Mediola-

355 2293 536 2341 nensem
575 2291 727 2348 tuisse,
763 2290 832 2334 {ed
868 2303 960 2334 avo
991 2284 1078 2347 juri
1114 2280 1408 2347 Aquileiensis
1445 2274 1640 2324 civitatis

354 2367 585 2414 insertum.
614 2364 734 2425 lpse,
760 2361 884 2424 quod
911 2359 1058 2421 negari
1081 2374 1175 2403 non
1200 2354 1374 2417 potest,
1397 2364 1445 2398 ut
1474 2348 1641 2412 episto-

355 2440 398 2487 la
427 2439 520 2502 ejus
546 2439 742 2495 indicat,
763 2451 897 2500 quam
928 2429 1179 2482 Proconsul
1208 2428 1263 2475 ad
1286 2428 1502 2489 Legatum
1530 2419 1641 2474 scri-2
