1714 2807
993 54 1013 75 9

332 144 392 192 86
521 144 947 192 TREBELLII
1002 145 1439 192 POLLIOle

331 251 471 296 malus
501 248 681 296 timetur
701 286 714 308 ‚
754 250 828 296 vel
860 249 1094 296 dissolutus
1125 251 1432 298 contemnitur
1468 254 1612 315 Impe-

333 336 469 369 rator.
494 322 707 370 Gallieno
736 325 786 370 &
819 324 1025 370 Faustino
1058 324 1361 380 Consulibus,
1395 325 1510 371 inter
1539 336 1612 372 tot

333 394 514 441 bellicas
543 396 687 442 clades
716 396 844 442 etiam
870 409 995 443 terrae
1016 409 1164 443 motus
1185 398 1463 460 graviffimus
1492 397 1575 445 fuit
1597 432 1614 455 ,

334 468 382 513 δέ
412 468 605 513 tenebrae
632 485 711 530 pet·
744 468 911 515 multos
937 470 1055 523 dies;
1077 470 1281 516 auditum
1303 485 1511 531 praeterea
1543 483 1613 515 to-

335 537 562 596 nitruum‚·
593 551 706 586 teria
735 540 986 602 mugiente,
1017 556 1109 586 non
1131 541 1246 586 Jove
1273 553 1457 587 tonante
1481 559 1490 586 τ
1519 557 1614 602 quo

335 624 464 658 motu
496 613 646 659 multae
676 613 854 659 sabricae
884 614 1114 658 devoratae
1145 612 1239 657 sunt
1266 629 1366 659 cum
1395 613 1615 659 habitato-

335 685 486 745 ribus,
513 687 641 732 multi
667 700 838 733 terrore
868 685 1064 740 mortui3
1089 687 1213 747 quod
1243 686 1420 748 quidem
1453 688 1615 732 malum

336 759 503 808 tristius
534 761 581 807 in
613 760 723 807 Asiae
753 761 938 808 urbibus
963 759 1059 807 fuit.
1092 761 1221 806 Mota
1257 759 1316 805 est
1351 763 1399 807 &
1440 762 1581 807 Roma
1602 798 1615 816 ‚

337 849 461 880 mota
491 835 539 881 &
567 834 712 898 Lybia
734 852 744 880 :
776 836 918 880 hiatus
937 847 1063 880 terrae
1088 834 1291 896 plurimis
1314 833 1358 879 in
1381 833 1492 880 locis
1517 832 1616 880 fue-

337 921 442 954 runt
457 944 470 961 ‚
493 925 593 954 cum
609 925 720 971 aqua
739 908 840 954 salsa
860 909 903 953 in
925 907 1047 954 foffis
1062 920 1303 970 appareret.
1324 907 1463 952 Maria
1485 908 1616 953 etiam

337 981 498 1026 multas
529 982 656 1026 urbes
686 994 981 1042 occuparunt.
1005 982 1092 1026 Pax
1116 981 1253 1041 igitur
1285 979 1434 1027 Deum
1461 979 1620 1040 qua-fi·

337 1066 380 1098 ta
399 1088 413 1110 ,
442 1052 645 1116 inspectis
676 1054 862 1118 Sibyllae
887 1054 1043 1116 libris,
1072 1053 1321 1115 factumque
1351 1052 1457 1099 Jovi
1494 1053 1620 1098 Salu-
1651 1102 1656 1106 ,

338 1123 444 1180 tari,
472 1138 519 1171 ut
542 1140 813 1187 praeceptum
838 1125 978 1173 fuerat
993 1162 1005 1181 ‚
1028 1125 1305 1175 sacrificium.
1328 1126 1443 1181 Nam
1472 1127 1520 1173 &
1542 1143 1621 1188 pe-

340 1196 530 1243 stilentia
558 1211 677 1244 tanta
705 1199 954 1255 exstiterat,
984 1199 1057 1246 vel
1081 1199 1266 1252 Romae,
1287 1198 1359 1244 vel
1391 1197 1435 1243 in
1460 1198 1622 1244 Achai-

341 1272 405 1318 cis
433 1272 648 1328 urbibus,
678 1284 726 1317 ut
762 1288 854 1317 uno
887 1273 957 1318 die
986 1273 1186 1335 quinque
1215 1271 1354 1317 millia
1385 1271 1620 1318 hominum

341 1345 436 1404 pari
467 1344 631 1390 morbo
666 1344 875 1405 perirent.
899 1344 1120 1391 Saeviente
1157 1344 1362 1401 fortuna,
1384 1361 1484 1391 cum
1516 1344 1622 1391 hinc

341 1429 470 1461 terrae
499 1427 673 1472 motus,
698 1417 800 1463 inde
835 1417 977 1464 hiatus
1000 1418 1112 1475 soli,
1129 1434 1183 1464 ex
1207 1418 1390 1463 diverfis
1426 1417 1624 1478 partibus
1673 1442 1675 1444 -

340 1489 589 1550 pestilentia
618 1490 773 1537 orbem
809 1492 1064 1537 Romanum
1095 1492 1312 1549 vastaret,
1331 1503 1465 1553 capto
1491 1491 1626 1536 Vale-

343 1563 496 1618 riano,
526 1563 668 1610 Gallis
698 1580 821 1625 parte
847 1565 1039 1611 maxima
1072 1564 1283 1622 obseffis‚
1318 1580 1418 1611 cum
1456 1563 1623 1609 bellum

343 1635 578 1682 Odenatus
616 1635 800 1682 inferret
825 1671 836 1689 ‚
875 1653 976 1683 cum
1015 1637 1242 1684 Aureolus
1280 1648 1533 1699 perurgeret
1570 1636 1625 1681 ll-

344 1709 574 1770 lyricum‚
611 1725 711 1757 cum
751 1710 1014 1761 AEmilianus
1046 1703 1292 1773 AEgyptum
1339 1709 1625 1770 occupasset:

344 1781 490 1826 Gothi
518 1782 567 1828 &
592 1782 807 1837 Clodius,
834 1783 887 1828 de
913 1799 1008 1844 quo
1034 1782 1196 1828 <lictum
1217 1782 1276 1828 est
1298 1781 1523 1843 superius,
1544 1797 1626 1827 oc·

343 1854 512 1916 cupatis
530 1854 762 1912 Thraciis,
783 1855 1099 1901 Macedoniam
1117 1855 1367 1911 vastarunt,
1389 1853 1626 1900 Theffalo-

343 1927 491 1973 nicam
515 1927 804 1986 obsederunt,
825 1944 970 1990 neque
992 1928 1177 1989 usquam
1200 1927 1322 1989 quies
1339 1925 1627 1973 mediocriter

345 1999 526 2046 salutem
562 2001 781 2046 ostentare
812 2001 904 2047 visa
936 2001 1012 2048 est.
1042 2018 1144 2064 quae
1173 1999 1324 2046 omnia
1359 2011 1591 2045 contemtu
1612 2031 1630 2054 ,

343 2087 392 2119 ut
419 2073 575 2134 sazpius
594 2074 787 2119 diximus
805 2110 817 2128 ‚
845 2074 1043 2121 Gallieni
1062 2073 1223 2120 fiebant
1240 2109 1253 2129 ‚
1278 2073 1475 2119 hominis
1493 2072 1627 2120 luxu-

345 2145 587 2202 riofiffimi‚
602 2146 649 2191 &
663 2181 675 2200 ,
703 2146 732 2190 si
752 2145 854 2192 esset
875 2146 1051 2193 securus
1069 2180 1084 2204 ‚
1113 2147 1164 2193 ad
1184 2161 1317 2191 omne
1338 2145 1528 2191 dedecus
1553 2160 1630 2206 pa·

344 2217 552 2265 ratiffimi.

408 2293 742 2353 VI.I²1.1gnatum
763 2290 822 2337 est
842 2291 885 2336 in
910 2289 1092 2351 Achaja,
1112 2290 1347 2336 Macriano
1363 2289 1493 2347 duce,
1513 2303 1629 2335 con-

346 2376 415 2409 tra
444 2363 620 2411 eosdem
650 2359 850 2410 Gothos.
869 2363 985 2409 uncle
1012 2362 1116 2409 vieti
1137 2379 1213 2423 per
1240 2362 1429 2408 Achaeos
1447 2397 1459 2417 ‚
1489 2359 1628 2407 reces-

342 2436 505 2485 serunt.
541 2438 724 2502 Scythae
761 2449 911 2485 autem
930 2471 944 2494 ‚
970 2437 1059 2484 hoc
1091 2437 1178 2494 est,
1204 2451 1303 2499 pars
1331 2436 1591 2483 Gothorum
1613 2468 1630 2492 9
