1714 2807
343 143 400 187 72
577 129 791 175 JULII
842 129 1356 194 CAPITOMNI

339 237 452 282 nino
479 235 751 286 adventaret.
776 237 849 286 sed
877 239 1048 288 Cassius
1074 240 1215 290 statim
1245 241 1503 291 interfestus
1535 242 1614 293 est.

339 324 472 374 caput
501 310 596 372 ejus
625 313 806 361 allatum
837 315 897 361 est
929 315 982 360 ad
1013 314 1308 363 Antoninum.
1343 317 1521 364 Marcus
1551 328 1619 363 ta·

340 399 442 428 men
475 398 568 429 non
608 383 848 433 exsultavit
876 385 1187 434 interfectione
1216 387 1376 445 Caffii,
1396 399 1618 450 caputque

343 453 438 515 ejus
458 454 629 503 humari
655 456 785 517 juffit.
816 457 1084 506 Maecianum
1105 460 1237 507 etiam
1257 495 1273 518 ,
1299 459 1437 508 filium
1456 460 1589 507 Caffii
1606 496 1621 517 ‚

343 527 419 574 cui
451 527 722 576 Alexandria
754 541 847 576 erat
877 531 1136 590 commissa,
1161 532 1384 581 exercitus
1415 533 1623 580 occidit:

344 617 446 648 nam
466 603 514 650 &
536 601 794 664 praefectum
825 604 1041 665 praetorio
1061 605 1138 651 sibi
1165 604 1344 653 fecerat.
1369 605 1513 669 qui&
1532 604 1624 667 ipse

344 672 522 721 occisus
552 673 626 720 est.
655 675 704 719 In
729 675 936 722 conscios
958 675 1220 724 defectionis
1250 675 1395 725 vetuit
1415 678 1623 723 Senatum

345 747 542 810 graviter
567 747 811 795 vindicare.
830 749 953 796 simul
975 750 1127 812 petiit,
1145 770 1193 798 ne
1215 755 1309 812 quz‘s
1329 755 1510 797 Senator
1524 766 1625 796 tem-

340 839 439 880 pore
464 821 729 881 principatus
754 823 826 881 sui
857 825 1122 878 occideretur,
1151 839 1207 869 ne
1232 822 1326 884 ejus
1350 821 1628 885 pollueretur

347 892 603 954 imperium.
629 909 713 940 eos
738 894 869 940 etiam
886 930 899 951 ,
926 894 1001 956 qui
1023 895 1246 957 deportati
1272 894 1469 952 fuerant,
1490 910 1628 942 revo-

348 967 439 1012 cari
476 966 628 1027 juffit3
664 984 764 1016 cum
796 967 1040 1031 pauciffimi
1069 969 1356 1017 centuriones
1382 967 1528 1029 capite
1563 966 1632 1014 es-

348 1036 442 1085 sent
469 1039 628 1100 puniti.
659 1040 842 1102 Ignovit
864 1042 912 1088 &
932 1040 1216 1099 civitatibus,
1236 1057 1336 1104 quae
1353 1041 1500 1088 Caffio
1519 1055 1632 1087 con·

349 1111 600 1160 senserant:
640 1112 819 1175 ignovit
859 1114 1266 1171 Antiochensibus,
1303 1115 1380 1177 qui
1417 1113 1555 1160 multa*
1583 1113 1632 1158 in

351 1186 556 1233 Marcum
583 1202 668 1248 pro
699 1186 847 1232 Caffio
879 1186 1096 1233 dixerant.
1130 1187 1291 1250 quibus
1313 1189 1363 1234 δε
1392 1186 1633 1249 Γρεᾶεειιὶᾶ

354 1262 405 1306 ὅ(
442 1274 701 1307 conventus
730 1261 937 1322 publicos
969 1263 1164 1320 tulerat,
1198 1266 1246 1311 δι
1278 1263 1479 1310 omnium
1519 1278 1635 1310 con·

353 1332 538 1378 cionum
574 1349 738 1396 genus,
772 1349 929 1382 contra
958 1352 1074 1398 quos
1102 1335 1291 1382 ediClum
1329 1335 1632 1399 gravissimum

353 1407 481 1453 mitit.
506 1408 749 1455 Seditiosos
768 1422 913 1455 autem
939 1426 1015 1456 eos
1036 1411 1083 1456 &
1105 1410 1254 1454 oratio
1273 1407 1414 1455 Marci
1437 1407 1635 1463 indicat,

355 1479 494 1526 indita
515 1496 538 1526 a
566 1481 712 1526 Mario
743 1482 946 1527 Maximo
962 1518 975 1537 ‚
995 1499 1081 1543 qua
1101 1481 1171 1527 ille
1189 1482 1288 1528 usus
1309 1481 1369 1527 est
1388 1481 1504 1542 apud
1523 1481 1635 1526 ami-

355 1568 451 1600 cos.
477 1553 689 1615 Denique
722 1553 869 1600 noluit
900 1553 1187 1600 Antiochiam
1212 1552 1390 1610 videre,
1417 1569 1516 1599 cum
1551 1554 1636 1616 Sy-

356 1626 465 1672 riam
496 1639 677 1688 peteret.
703 1643 803 1672 nam
835 1643 916 1673 nec
945 1628 1154 1689 Cyprum
1185 1625 1334 1672 voluit
1363 1625 1512 1673 videre
1531 1659 1546 1682 ‚
1579 1642 1637 1671 ex

356 1715 446 1762 qua
476 1712 567 1745 erat
595 1699 779 1759 Caffius.
812 1699 911 1744 Fuit
942 1698 1222 1745 Alexandriae
1241 1734 1257 1756 ‚
1275 1698 1514 1745 clementer
1533 1714 1637 1745 cum

357 1771 411 1818 iis
440 1787 584 1834 agens.
612 1770 760 1831 postea
784 1783 931 1817 tamen
959 1770 1250 1817 Antiochiam
1278 1770 1409 1817 vidit.

423 1846 594 1890 XXVI.
622 1844 763 1891 Multa
793 1846 884 1907 egit
910 1862 1012 1892 cum
1047 1844 1250 1908 regibus,
1271 1847 1318 1891 &
1339 1861 1489 1906 pacem
1523 1860 1639 1892 con-

358 1915 557 1962 firmavit
591 1914 670 1961 fibi
700 1916 1045 1962 occurrentibus
1077 1916 1246 1963 cunffis
1283 1916 1458 1979 regibus
1494 1917 1543 1963 ὅ(
1580 1916 1639 1962 le-

356 1986 465 2051 gatis
484 1985 724 2034 Persarum.
743 1989 954 2037 omnibus
973 1988 1281 2035 Orientalibus
1300 1988 1548 2050 provinciis
1570 2005 1639 2035 ca·

358 2060 544 2107 riffimus
576 2060 671 2108 fuit.
705 2061 823 2123 apud
855 2061 1011 2108 multas
1033 2061 1163 2108 etiam
1195 2061 1490 2124 philosophiae
1514 2061 1641 2108 vesti·

360 2134 431 2197 gia
459 2133 654 2196 reliquit.
682 2135 812 2197 Apud
838 2134 1082 2198 AEgyptios
1114 2134 1262 2181 civem
1291 2134 1332 2180 se
1362 2133 1518 2198 egit&
1545 2132 1642 2196 phi-

359 2205 602 2268 losophum
639 2204 684 2251 in
722 2205 932 2253 omnibus
966 2205 1139 2263 studiis,
1171 2205 1380 2267 templis,
1419 2203 1549 2252 locis.
1587 2206 1642 2250 Et

359 2294 464 2325 cum
482 2278 620 2324 multa
652 2278 947 2325 Alexandrini
970 2277 1016 2323 in
1041 2277 1233 2324 Caffium
1252 2275 1457 2323 dixiffent
1477 2275 1612 2322 fausta
1627 2309 1641 2330 ,

361 2364 508 2398 tamen
541 2351 751 2398 omnibus
778 2350 978 2415 ignovit,
1010 2351 1058 2398 &
1099 2349 1231 2397 filiam
1267 2350 1388 2397 suam
1418 2348 1535 2410 apud
1563 2363 1643 2396 eos

359 2425 554 2489 ⁴teliqttit⁸
584 2425 828 2474 Faustinam
856 2424 976 2473 suam
1004 2424 1049 2472 in
1083 2423 1304 2474 radicibus
1328 2422 1496 2472 montis
1516 2422 1641 2469 Tau-
