1637 2785
150 179 152 183 >
211 149 276 195 M.
326 142 499 192 ANT.
556 133 1140 187 PHILOSOPHUS.
1256 135 1317 192 69

43 270 205 303 norum
242 250 406 300 auxilia
441 258 598 296 contra
631 247 896 292 Germanos,
929 241 1068 290 Omni
1107 249 1318 303 praeterea

40 326 265 390 diligentia
287 322 461 387 paravit
480 320 681 383 legiones
702 318 757 364 ad
779 315 1096 363 Germanicum
1117 313 1168 359 &
1194 312 1320 357 Mar-

40 397 354 447 comannicum
372 394 536 442 bellum
551 411 561 440 :
576 393 642 449 &,
656 407 710 437 ne
730 386 1084 452 provincialibus
1102 384 1204 432 effet
1219 398 1321 429 mo-

37 470 196 527 lestus,
216 467 467 515 auctionem
489 481 634 511 rerum
657 462 898 509 aulicarum
912 494 925 517 ,
946 470 995 504 ut
1013 456 1207 503 diximus
1221 491 1235 512 ,
1257 454 1320 501 fe-

37 544 99 592 cit
119 543 166 590 in
190 541 295 590 foro
322 540 436 588 Divi
459 536 674 598 Traiani,
701 536 748 581 in
782 551 870 597 qua
901 545 1060 595 praeter
1093 529 1236 577 vestes
1269 530 1319 576 &

37 614 205 679 pocula
232 616 282 662 &
303 611 404 660 vasa
427 627 585 667 aurea,
606 608 737 655 etiam
769 607 889 668 signa
919 620 1020 651 cum
1043 600 1203 648 tabulis
1224 616 1321 645 ma-

36 703 231 752 gnorum
252 683 471 732 artificum
496 680 717 729 vendidit.
739 680 1092 723 Marcomannos
1104 684 1248 719 autem
1273 672 1319 718 in

36 762 135 825 ipso
164 759 349 807 transitu
375 755 577 805 Danubii
601 752 797 809 delevit,
827 753 875 799 &
902 748 1096 812 praedam
1123 745 1320 809 provin-⁴

37 833 222 883 cialibus
253 830 460 878 reddidit.

101 905 247 951 XXll.
270 904 439 948 Gentes
471 914 629 945 omnes
657 896 712 943 ab
738 891 913 958 Illyrici
938 891 1078 938 limite
1102 889 1241 951 usque
1273 887 1320 934 in

39 977 232 1025 Galliam
260 974 654 1037 conspiraverant,
682 980 731 1016 ut
755 964 1092 1022 Marcomanni,
1119 960 1323 1018 Naristi,

39 1049 373 1107 Hermunduri,
403 1050 451 1095 δι
480 1045 660 1106 Quadi,
692 1041 858 1098 Suevi,
886 1042 1123 1095 Sarmatae,
1146 1034 1324 1081 Latrin·

37 1142 138 1188 geS,
159 1126 207 1172 &
240 1122 366 1169 Buri:
392 1119 464 1177 hi,
493 1117 684 1180 aliique,
708 1131 809 1162 cum
841 1110 1092 1159 Vhstovalis
1119 1107 1322 1164 Sofibes,

38 1200 300 1255 Sicobotes,
326 1192 621 1251 Rhoxolani,
650 1191 895 1246 Bastarnae,
921 1185 1083 1244 Alani,
1110 1182 1323 1241 Peucini,

37 1269 305 1320 Costoboci.
327 1266 592 1314 lmminebat
615 1265 664 1311 δε
687 1261 940 1308 Parthicum
966 1256 1132 1305 bellum
1155 1256 1205 1303 &
1225 1255 1320 1301 Bri-

36 1344 283 1394 tannicum.
318 1344 486 1403 Magno
529 1337 666 1401 igitur
700 1335 855 1382 labore
894 1330 1024 1379 etiam
1058 1329 1139 1376 suo
1169 1342 1322 1391 gentes

35 1416 291 1481 asperrimas
327 1414 464 1468 vicit,
501 1410 716 1471 militibus
756 1407 841 1454 sese
877 1403 1205 1459 invitantibus,
1234 1402 1320 1446 (lu-

35 1492 241 1541 centibus
267 1489 401 1536 etiam
426 1485 674 1535 exercitum
703 1481 857 1545 legatis
889 1481 939 1528 &
964 1476 1180 1541 praefefilis
1209 1492 1320 1537 prae-

36 1565 188 1615 torio:
224 1563 488 1626 accepitque
533 1559 580 1607 in
618 1556 894 1604 deditionem
940 1554 1319 1607 Marcomannos,

36 1635 242 1701 plurimis
260 1635 307 1681 in
329 1633 495 1681 Italiam
517 1629 736 1677 traductis.
756 1629 938 1688 Semper
958 1624 1057 1671 sane
1077 1639 1179 1670 cum
1200 1620 1322 1683 opti-

36 1711 229 1760 matibus
258 1725 355 1755 non
380 1707 524 1754 solum
552 1703 732 1751 bellicas
755 1717 847 1759 res,
873 1699 946 1745 sed
971 1697 1099 1744 etiam
1131 1696 1322 1754 civiles,

35 1781 294 1846 priusquam
323 1779 486 1826 faceret
516 1775 713 1839 aliquid,
740 1770 943 1821 contulit.
975 1768 1188 1830 Denique
1220 1767 1322 1813 sen-

37 1853 179 1902 tentia
203 1852 323 1899 illius
346 1850 570 1914 praecipua
593 1849 761 1910 semper
789 1845 883 1891 haec
904 1841 985 1888 fuit
1001 1859 1012 1888 :
1030 1842 1223 1902 AEquius
1245 1842 1332 1911 (st,

40 1947 87 1978 ut
112 1950 183 1994 ego
208 1946 268 1976 tot
292 1927 335 1975 G*
359 1930 507 1975 talium
530 1928 753 1972 amicorum
776 1920 989 1984 confilium
1001 1919 1171 1979 sequar,
1194 1935 1320 1977 quam

42 2021 88 2051 ut
118 2020 176 2050 tot
204 2001 247 2049 6⁴
273 2006 373 2049 tales
397 2002 521 2047 amici
554 2016 685 2044 meam
718 1997 845 2041 unius
867 1995 1118 2040 voluntatem
1133 1991 1321 2051 sequan-

40 2092 120 2123 tur.
153 2076 264 2123 Sane
299 2073 404 2137 quia
447 2072 583 2119 durus
625 2067 885 2124 videbatur,
926 2081 982 2111 ex
1022 2055 1321 2126 philosophiae

40 2147 347 2205 institutione,
379 2147 556 2193 Marcus
593 2143 648 2190 ad
682 2139 854 2188 militiae
891 2137 1067 2185 labores
1101 2148 1230 2198 atque
1265 2135 1322 2181 ad

43 2238 223 2271 omnem
257 2212 426 2278 vitam,
455 2217 649 2282 graviter
680 2213 970 2277 carpebatur:
1007 2209 1080 2255 sed
1105 2207 1218 2254 male
1249 2207 1321 2253 lo-

41 2294 274 2357 quentium
294 2293 444 2350 diffis,
463 2291 538 2338 vel
561 2289 701 2337 literis
721 2324 734 2347 ,
754 2287 831 2335 vel
857 2286 1055 2333 sermone
1081 2281 1322 2344 responde-

41 2366 130 2414 bat.
167 2368 223 2412 Et
255 2365 385 2421 multi
421 2363 595 2411 nobiles
624 2362 742 2409 bello
774 2357 1047 2407 Germanico
1077 2354 1168 2403 five
1199 2356 1319 2399 Mar·

41 2439 342 2497 comannico,
377 2438 518 2485 immo
551 2436 845 2501 plurimarum
888 2430 1117 2496 gentium,
1139 2427 1326 2488 interiet

969 2504 1007 2548 F—
1045 2520 1064 2565 3
