1714 2807
350 150 436 198 108
555 147 1430 196 AELIILAMPRIDII

344 256 528 313 ninum,
568 271 626 300 ex
665 253 818 300 sorore
862 253 933 300 sua
967 253 1178 316 genitum.
1213 255 1267 300 Et
1301 253 1397 315 post
1428 269 1506 300 eos
1549 253 1623 300 seit

342 327 468 372 simul
493 343 547 372 ex
580 325 929 382 Consueribus,
967 326 1133 372 Allium
1170 327 1382 383 Fuscum,
1422 325 1623 373 Coelium

342 398 562 454 Felicem,
594 398 806 459 Lucejum
841 399 1155 461 Torquatum,
1185 400 1382 446 Lartium
1417 398 1624 461 Euripia-

342 489 481 526 num,
521 471 751 518 Valerium
789 471 1060 518 Baffianum,
1099 471 1369 532 Paflulejum
1409 474 1623 535 Magnum

342 561 445 591 cum
475 544 582 591 suis:
613 559 744 607 atque
779 544 825 589 in
867 544 966 589 Asia
1001 543 1239 606 Sulpitium
1278 543 1477 590 Crassum
1512 560 1624 605 pro-

342 618 572 663 consulem
595 619 643 664 &
659 617 822 664 Julium
847 618 1089 664 Proculum
1115 634 1214 664 cum
1237 617 1346 674 suis,
1364 618 1626 664 Claudium-

341 707 429 753 que
454 693 680 736 Lucanum
698 726 715 745 ,
741 690 1017 737 consularem
1034 726 1045 742 ,
1074 691 1123 736 &
1151 689 1465 736 consobrinam
1491 691 1626 751 patris

341 762 405 808 sui
437 763 681 809 Faustinam
712 763 902 809 Anniam
937 763 982 807 in
1020 761 1210 822 Achaia,
1237 762 1286 809 &
1325 762 1436 808 alios
1471 761 1625 809 infini-

342 849 428 882 tos.
462 835 777 882 Destinaverat
802 836 850 882 &
873 835 984 882 alios
1014 835 1358 896 quatuordecim
1388 835 1593 881 occidere
1611 870 1626 893 ,

344 925 447 955 cum
487 908 655 954 sumtus
690 908 785 970 ejus
822 910 940 957 vires
976 908 1172 955 Romani
1207 908 1384 972 imperii
1415 909 1628 957 sustinere

343 997 437 1025 non
462 980 650 1041 possent.

412 1056 522 1099 Vlll.
546 1056 663 1100 Inter
682 1053 777 1099 haec
804 1052 1087 1100 Commodus
1105 1089 1116 1107 ,
1135 1052 1284 1100 senatu
1312 1053 1444 1100 semet
1471 1053 1624 1101 riden-

344 1137 416 1181 te,
449 1141 546 1170 cum
584 1125 835 1170 adulterum
875 1124 1026 1170 matris
1061 1124 1307 1171 Consulem
1343 1125 1626 1188 designasset,

343 1198 587 1260 appellatus
615 1198 674 1243 est
703 1200 840 1254 Pius;
869 1215 969 1244 cum
996 1198 1226 1245 occidisset
1254 1200 1497 1244 Perennem
1516 1233 1528 1255 ,
1548 1216 1626 1262 ap-

343 1271 534 1334 pellatus
567 1270 628 1316 est
664 1274 800 1317 Felix.
827 1274 946 1317 lnter
978 1272 1189 1334 plurimas
1215 1273 1355 1319 caedes
1379 1272 1627 1318 multorum

344 1344 516 1392 civium
535 1381 546 1401 ‚
571 1345 690 1407 quali
712 1346 892 1408 quidam
920 1363 1069 1392 novus
1097 1345 1241 1404 Sulla,
1262 1346 1377 1392 idem
1401 1347 1629 1393 Commo-

345 1417 425 1462 dus
457 1416 530 1462 ille
576 1417 700 1473 Pius,
731 1417 804 1462 ille
844 1417 992 1475 Felix,
1025 1418 1196 1464 finxisse
1232 1417 1364 1464 etiam
1404 1418 1628 1480 quandam

344 1504 503 1538 contra
533 1490 573 1535 se
606 1489 969 1549 conjurationem
1003 1491 1191 1548 dicitur,
1220 1503 1267 1536 ut
1296 1490 1461 1536 multos
1497 1489 1628 1537 occi-

346 1563 481 1608 deret.
511 1562 608 1609 Nec
647 1561 731 1608 alia
772 1562 860 1607 ulla
894 1561 980 1608 fuit
1012 1561 1202 1610 defeffio
1241 1578 1400 1625 praeter
1430 1562 1629 1607 Alexan-

345 1634 443 1693 dri,
462 1635 541 1697 qui
564 1635 714 1697 postea
744 1633 784 1681 se
812 1637 860 1682 &
884 1634 984 1681 suos
1007 1634 1232 1681 interemit
1248 1669 1258 1687 ,
1277 1636 1326 1680 &
1352 1633 1518 1681 sororis
1537 1637 1630 1680 Lu·

345 1706 474 1754 cillae.
506 1707 771 1769 Appellatus
800 1705 859 1752 est
882 1706 1165 1753 Commodus
1190 1705 1322 1751 etiam
1348 1706 1628 1752 Britannicus

343 1780 397 1825 ab
426 1779 761 1836 adulatoribus,
793 1796 894 1826 cum
916 1779 1117 1826 Britanni
1143 1779 1275 1826 etiam
1308 1779 1627 1842 imperatorem

347 1867 508 1901 contra
532 1870 635 1900 eum
655 1854 847 1917 deligere
869 1854 1114 1903 voluerint.
1136 1853 1397 1917 Appellatus
1414 1853 1476 1900 est
1494 1853 1628 1901 etiam

347 1930 568 1973 Romanus
597 1928 821 1984 Hercules,
857 1927 981 1990 quod
1011 1927 1123 1974 feras
1151 1926 1340 1972 Lanuvii
1377 1926 1423 1972 in
1456 1926 1627 1988 amphi-

345 2000 523 2046 theatro
557 1998 800 2045 occidisset.
831 2011 925 2045 erat
953 1999 1071 2045 enim
1103 2000 1197 2046 hoec
1224 1997 1288 2045 illi
1318 1998 1628 2058 consuetudo,

347 2085 399 2119 ut
429 2071 552 2118 domi
583 2071 738 2118 bestias
774 2070 1056 2119 interficeret.
1085 2071 1183 2117 Fuit
1213 2084 1424 2133 praeterea
1456 2088 1506 2117 ea
1546 2071 1628 2118 de-

346 2146 513 2192 mentia
528 2181 539 2202 ,
557 2161 606 2191 ut
630 2145 786 2191 urbem
804 2147 996 2191 Romam
1011 2182 1024 2201 ‚
1046 2147 1251 2191 coloniam
1283 2148 1627 2191 Commodianam

346 2219 507 2266 vocari
540 2219 760 2265 voluerit:
792 2219 870 2282 qui
901 2218 1028 2266 furor
1054 2219 1216 2266 dicitur
1246 2219 1288 2265 ei
1316 2219 1432 2265 inter
1465 2219 1629 2265 delini-

346 2304 495 2337 menta
525 2290 707 2336 Marciae
735 2289 933 2351 injestus.
960 2290 1121 2337 Voluit
1145 2290 1276 2337 etiam
1299 2290 1346 2336 in
1369 2290 1493 2337 circo
1514 2306 1627 2352 qua·

347 2363 491 2426 drigas
521 2363 699 2427 agitare.
733 2364 1057 2412 Dalmaticatus
1087 2365 1133 2411 in
1165 2364 1350 2426 publico
1387 2363 1626 2425 proceffit,

348 2447 480 2499 atque
505 2435 567 2484 ita
595 2436 761 2502 signum
788 2437 1011 2503 quadrigis
1039 2437 1291 2491 emittendis
1325 2436 1458 2488 dedit.
1481 2436 1536 2485 Et
1568 2451 1626 2484 eo
