1637 2785
306 147 818 197 Pesceuuius
874 130 1150 195 Nicen.
1297 151 1384 210 ὥς

106 259 246 304 Immo
268 257 397 304 etiam
421 256 555 303 tertio
571 291 585 313 ‚
601 258 649 304 &
678 254 815 302 factus
836 256 896 301 est
915 255 1086 303 durior.
1106 258 1239 304 Tunc
1264 256 1388 304 enim

108 331 372 378 innumeros
400 331 637 376 Senatores
661 328 885 375 interemit
906 330 1097 376 Severus
1113 365 1125 387 ,
1149 332 1194 376 ἃ
1217 330 1273 376 ab
1292 330 1391 378 aliis

107 408 233 451 Sullae
262 406 439 461 Punici,
474 404 528 448 ab
557 403 654 449 aliis
697 406 832 448 Marii
868 418 1034 448 nomen
1072 403 1259 465 accepit.
1292 404 1392 453 Fuit

108 476 268 521 statura
295 473 562 520 Pescennius
593 474 799 536 prolixa,
829 473 974 520 forma
1002 474 1221 532 decorm,
1250 476 1394 537 capii--¹

107 547 155 594 lo
187 547 231 594 in
261 548 473 594 verticem
505 548 561 594 ad
589 548 771 610 gratiam
802 547 1002 606 reflexo,
1021 548 1151 596 vocis
1183 563 1396 610 canorae,·

108 621 168 669 ita
195 634 244 668 ut
273 622 318 668 in
351 638 512 683 campo
553 621 743 685 loquens
780 639 857 685 per
888 622 1009 670 mille
1043 624 1183 687 paffus
1219 625 1395 671 audire-

110 706 206 751 tur,
236 693 314 739 nisi
357 706 521 739 ventus
559 694 892 741 adversaretur:
926 694 1019 742 oris
1053 696 1297 742 verecundi
1341 697 1393 743 ὃς

71 801 86 810 .
109 765 278 828 semper
294 767 464 813 rubidi:
490 766 668 814 cervice
687 768 801 812 adeo
824 767 973 830 nigra,
994 778 1069 824 ut,
1095 768 1394 830 quemadmo-

108 840 216 885 dum
246 838 374 885 multi
409 837 584 895 dicunt,
622 839 675 884 ab
710 855 758 884 ea
794 841 922 901 Nigri
956 855 1122 886 nomen
1153 839 1393 900 acceperit.

107 912 268 958 Cetera
299 910 510 972 corporis
532 923 655 973 parte
679 910 890 957 candidus
907 945 920 967 ‚
953 912 1002 959 &
1034 911 1170 975 magis
1190 910 1391 975 pinguis:

107 984 205 1032 vini
230 983 414 1042 avidus,
440 984 527 1031 cibi
545 1000 727 1046 parcus,
749 985 814 1029 rei
842 1000 1074 1040 venereae,
1102 984 1180 1030 nisi
1211 986 1264 1030 ad
1285 1002 1395 1047 pro-

108 1059 328 1108 creandos
366 1059 560 1116 liberos,
585 1058 760 1120 prorsus
796 1059 983 1123 ignarus.
1019 1059 1227 1118 Denique
1260 1059 1394 1105 etiam

108 1133 222 1180 sacra
254 1133 456 1195 quaedam
487 1132 531 1178 in
555 1132 728 1190 Gallia,
750 1149 850 1195 quae
881 1131 1115 1178 castiffimis
1145 1132 1393 1178 decernun-

105 1217 208 1260 tur,
239 1204 454 1251 consensu
491 1204 678 1266 publico
714 1205 975 1253 celebranda
1018 1203 1217 1265 suscepit.
1255 1204 1392 1250 Hunc

108 1277 155 1324 in
181 1278 525 1325 Commodianis
553 1277 726 1334 hortis,
755 1277 802 1323 in
828 1277 1002 1339 porticu
1030 1293 1169 1324 curva
1187 1310 1200 1331 ‚
1225 1275 1392 1337 pictum

107 1350 162 1396 de
182 1349 354 1397 mufivo
379 1350 750 1398 interCommodi
772 1350 1055 1397 amiciffimos
1081 1350 1308 1405 videmus,
1325 1347 1390 1393 sa-

107 1439 179 1470 cra
212 1422 328 1469 Isidis
354 1421 597 1470 ferentem:
628 1423 789 1485 quibus
821 1421 1107 1468 Commodus
1131 1422 1241 1467 adeo
1266 1419 1396 1466 dedi-

107 1508 179 1544 tus
203 1495 313 1555 fuit,
340 1510 388 1544 ut
416 1500 464 1545 δι
488 1510 621 1560 caput
648 1498 847 1553 raderet,
870 1499 919 1544 &
948 1495 1143 1542 Anubim
1167 1506 1392 1557 portaret,

110 1571 160 1618 &
190 1587 346 1617 omnes
379 1571 529 1632 pausas
563 1570 775 1632 expleret.
812 1568 911 1615 Fuit
947 1583 1054 1631 ergo
1089 1567 1228 1629 Niger
1263 1566 1390 1612 miies'

109 1642 333 1704 optimus,
353 1643 561 1688 tribunus
582 1638 809 1703 singularis
823 1676 835 1697 ‚
857 1640 948 1686 dux
969 1637 1220 1701 praecipuus
1234 1674 1246 1694 ,
1269 1637 1394 1698 lega-

109 1726 179 1761 tus
213 1713 533 1771 severiffimus,
562 1712 736 1759 Consul
774 1711 980 1774 insignis,
1009 1710 1078 1757 vir
1108 1710 1230 1756 domi
1259 1707 1395 1755 foris-

109 1803 198 1849 que
235 1786 532 1849 conspicuus,
566 1789 814 1849 Imperator
849 1785 1030 1832 infelix:
1074 1784 1171 1831 usui
1201 1784 1395 1846 denique

114 1858 371 1920 reipublicae
400 1858 475 1904 sub
492 1859 661 1904 Severo
677 1895 689 1915 ,
706 1857 887 1905 homine
908 1857 1070 1905 tetrico
1084 1893 1100 1916 ,
1122 1857 1205 1904 effe
1223 1854 1398 1919 potuis-

116 1930 206 1988 set,
224 1930 253 1975 fi
276 1947 376 1977 cum
395 1946 451 1976 eo
471 1931 554 1977 effe
575 1930 795 1976 voluiffet.

176 2008 270 2052 VII.
295 2004 380 2051 Sed
406 2005 614 2066 deceptus
648 2004 707 2050 est
729 2003 924 2051 confiliis
952 2001 1106 2050 Severi
1131 1999 1393 2058 Aureliani,

112 2075 189 2140 qui
211 2075 320 2122 filias
344 2075 438 2122 suas
465 2074 556 2135 ejus
579 2074 681 2121 filiis
708 2075 986 2138 despondens
1002 2110 1016 2133 ‚
1034 2073 1257 2138 persistere
1287 2089 1394 2118 eum

112 2149 217 2196 fecit
244 2149 288 2194 in
321 2148 525 2211 imperio.
558 2148 643 2196 Hic
670 2161 803 2195 tantae
833 2147 916 2194 fuit
934 2145 1207 2194 auctoritatis
1226 2181 1238 2201 ,
1261 2157 1308 2191 ut
1335 2143 1393 2191 ad

113 2224 317 2269 Marcum
347 2221 630 2269 Antoninum
658 2220 878 2284 primum,
909 2219 1068 2266 deinde
1095 2219 1148 2266 ad
1173 2219 1398 2264 Commo·

112 2297 220 2342 dum
256 2295 490 2353 scriberet,
532 2312 634 2343 curn
669 2294 840 2353 videret
874 2293 1133 2356 provincias
1163 2290 1283 2338 facili
1318 2291 1397 2337 ad·

114 2368 491 2416 ministrationum
542 2367 792 2415 mutatione
835 2364 1066 2422 subverti,
1106 2364 1295 2427 primum
1343 2373 1396 2409 ut

116 2441 232 2497 nulli
262 2455 364 2491 ante
397 2440 756 2507 quinquennium
793 2439 1103 2490 succederetur
1136 2435 1395 2503 provinciae
