1714 2807
369 189 427 233 92
553 169 955 217 VULCATII
1001 170 1457 219 GALLICANI
1527 220 1543 228 ,,

369 279 473 323 tiam
506 278 613 325 faEta
647 278 940 325 inveniuntur
973 279 1089 340 apud
1123 279 1349 326 AEmilium
1378 278 1634 326 Parthenia-⁴

367 367 475 396 num
491 385 504 408 ‚
525 351 601 412 qui
621 350 895 397 affeEtatores
918 351 1195 415 tyrannidis,
1216 350 1301 412 jam
1326 351 1429 397 inde
1457 368 1481 397 a
1510 364 1635 398 vete-

367 423 512 480 ribus,
532 424 728 471 historiae
750 426 944 472 tradidit.
966 441 1063 470 nam
1083 426 1130 471 ὅ(
1151 424 1286 487 virgis
1308 424 1444 472 caesos
1464 424 1511 470 in
1529 423 1635 470 foro

365 496 481 543 &in
501 498 655 544 mediis
684 497 831 545 castris
856 498 997 545 securi
1023 497 1250 560 percuffit,
1275 497 1352 560 qui
1380 497 1436 543 ita
1461 513 1635 543 merue-

367 581 491 627 runt,
510 570 559 616 ὅ(
582 587 738 616 manus
770 569 921 616 multis
949 570 1213 631 amputavit.
1244 572 1323 627 Et,
1351 582 1507 632 praeter
1539 568 1635 615 lari-

365 643 471 689 dum
503 659 554 689 ac
582 643 850 690 bucellatum
877 656 1011 705 atque
1039 655 1239 698 acetum,
1268 643 1453 688 militem
1481 642 1525 687 in
1555 658 1635 687 ex-

365 714 594 775 peditione
625 727 801 776 portare
830 714 1083 777 prohibuit:
1112 716 1189 772 &‚
1210 715 1239 759 si
1266 714 1384 760 aliud
1408 713 1635 776 quippiam

365 786 551 846 reperit,
587 785 806 832 luxuriem
844 802 937 832 non
973 786 1066 832 levi
1100 786 1318 849 supplicio
1358 785 1518 833 affecit.
1547 787 1638 831 Ex-

365 857 441 902 stat
466 858 519 903 de
539 858 627 904 hoc
648 859 831 919 epistola
856 857 973 904 Divi
992 859 1128 905 Marci
1157 860 1210 904 ad
1233 858 1483 919 praefeRum
1508 857 1636 902 suum

365 930 486 976 talis:
518 933 682 977 Avidio
711 931 838 993 Cnffio
862 933 1037 993 legiones
1064 935 1267 992 Syriacas
1295 935 1416 988 dedi,
1440 930 1636 995 diffluen-

364 1020 422 1049 tes
447 1008 645 1061 luxuria,
673 1003 716 1051 ὃ·
749 1007 993 1065 Daplznicis
1025 1008 1204 1050 moribus
1231 1021 1391 1067 agentes
1409 1023 1424 1050 .·
1450 1022 1551 1064 quas
1577 1020 1639 1049 to·

365 1094 431 1123 tas
454 1082 718 1125 excaldantes
730 1080 782 1139 fi
807 1077 983 1141 repertffi
1012 1079 1224 1139 Caesonius
1261 1082 1300 1119 V
1302 1079 1513 1124 ec‘l'lianus
1529 1078 1639 1137 scri-

358 1172 391 1212 p
409 1168 456 1198 tt.
486 1151 528 1198 G*
551 1168 655 1212 puto
685 1171 747 1198 me
766 1171 852 1197 non
879 1150 1256 1215 erraffi:stquia'em
1282 1148 1324 1196 G·
1341 1167 1384 1195 tu
1403 1165 1543 1194 notum
1565 1151 1640 1193 lza·

366 1227 459 1269 beas
490 1225 694 1287 Caffium,
723 1226 924 1269 hominem
957 1224 1155 1286 Caffianae
1176 1225 1408 1283 severitatis
1445 1220 1488 1267 ξφ
1519 1223 1641 1282 disci-

360 1303 499 1360 plinae.
544 1318 666 1360 neque
697 1302 805 1345 enim
836 1301 986 1344 milites
1019 1301 1101 1359 regi
1125 1295 1314 1360 poffimt,
1348 1295 1433 1359 nisi
1460 1297 1505 1340 in
1534 1310 1640 1340 vete-

365 1390 401 1416 re
426 1373 657 1433 disciplina.
681 1372 777 1415 Scis
803 1374 910 1415 enim
942 1370 1094 1429 versum
1123 1387 1150 1412 a
1186 1371 1293 1413 bono
1316 1382 1438 1427 poeta
1460 1367 1640 1422 dic‘lum,

368 1443 412 1490 ὅ*
446 1446 636 1491 omnibus
653 1444 985 1504 frequentatum:
1012 1440 1220 1488 Moribus
1247 1439 1439 1501 antiquis
1473 1455 1540 1484 res
1565 1438 1642 1484 stat

366 1515 571 1560 Romana
606 1512 814 1575 virisque.
850 1515 913 1558 Tu
947 1528 1109 1557 tanturn
1131 1510 1210 1568 fac
1241 1510 1381 1574 adsint
1412 1509 1641 1570 legionibus

368 1589 528 1633 abunde
551 1601 813 1633 commeatus.
833 1603 958 1645 quos,
974 1585 1023 1649 st
1051 1587 1143 1628 bene
1175 1585 1381 1630 Avidium
1402 1586 1531 1640 novi,
1547 1583 1642 1642 scio

367 1678 451 1705 non
476 1662 692 1720 perituros.
725 1656 971 1718 Responsio
1001 1655 1195 1718 praefeffi
1222 1656 1275 1701 ad
1302 1656 1530 1701 Marcum:
1561 1656 1643 1699 Re-

367 1733 422 1778 c‘le
438 1732 696 1797 consuluisti,
717 1731 777 1776 mi
797 1733 984 1785 domine,
1002 1731 1112 1791 quod
1130 1727 1305 1791 Caffium
1320 1727 1535 1791 praefecisti
1555 1731 1643 1786 Sy·

367 1808 489 1851 riacis
516 1805 755 1866 legionibus.
787 1805 896 1849 nilzil
916 1805 1024 1848 enim
1049 1819 1136 1848 tam
1158 1804 1343 1861 expedit,
1377 1819 1498 1861 quam
1522 1802 1644 1844 homo

355 1879 537 1939 severior
558 1877 814 1922 Graecanicis
845 1877 1064 1921 militibus.
1095 1878 1169 1919 Ille
1191 1874 1300 1933 sitne
1334 1890 1471 1917 omnes
1501 1875 1644 1916 excal-

367 1951 577 2004 dationes,
608 1966 746 1994 ontnes
762 1950 895 2014 flores
925 1951 972 1993 de
1004 1949 1166 2007 capite,
1193 1949 1297 1991 collo
1330 1943 1372 1990 δ’
1388 1945 1488 2008 finu
1518 1945 1646 2001 militi

366 2025 555 2068 excutiet.
592 2025 784 2066 Annona
820 2022 1015 2068 militaris
1053 2022 1191 2064 omnis
1214 2034 1368 2078 parata
1411 2019 1484 2083 est,
1521 2034 1647 2076 neque
1701 2015 1703 2017 ¹

369 2098 593 2157 quidquam
614 2095 712 2158 deest
723 2096 808 2155 sub
831 2096 935 2138 bono
963 2095 1089 2138 duce:
1117 2109 1204 2136 non
1231 2093 1338 2135 enirn
1364 2094 1537 2134 multum
1567 2103 1643 2133 auc

367 2174 583 2232 quaeritur,
614 2186 688 2215 aut
719 2172 980 2230 impenditur.

434 2245 508 2288 Vl.
528 2241 624 2288 Nec
640 2240 794 2288 fefellit
813 2241 866 2286 de
895 2239 936 2285 se
960 2237 1175 2299 judicium
1203 2236 1418 2284 habitum.
1438 2251 1537 2281 nam
1563 2233 1649 2280 sta-

370 2316 447 2362 tim
470 2315 522 2360 ad
550 2314 669 2377 signa
696 2313 809 2360 edici
840 2312 983 2373 jussit,
1011 2313 1060 2358 &
1091 2327 1372 2374 programma
1397 2308 1441 2355 in
1469 2307 1649 2369 parietid

371 2389 453 2434 bus
472 2386 571 2432 fixit
588 2422 601 2444 ‚
614 2403 659 2432 ut
672 2386 732 2450 ,si
744 2388 835 2447 quis
856 2385 1007 2430 cinc'lus
1024 2386 1267 2429 inveniretur
1283 2384 1398 2442 apud
1414 2383 1648 2440 Daphnen,

373 2461 589 2522 discinc‘lus
615 2462 768 2507 rediret.
796 2460 930 2504 Arma
959 2455 1148 2503 militum
1175 2453 1355 2518 septima
1381 2453 1450 2502 die
1479 2453 1648 2515 semper
