1714 2807
334 167 423 228 236
550 164 909 210 FLAVII
977 163 1412 211 vopxscl

329 271 490 328 fuerit,
519 272 567 318 δε
594 271 744 316 Probo
770 286 894 333 paene
925 269 1109 317 nolente
1140 269 1190 316 fit
1218 270 1407 318 occisus.
1451 273 1605 320 Fertur

330 357 474 389 autem
497 345 668 390 Probus
695 345 742 391 δι
764 343 999 390 clementes
1025 343 1080 389 ad
1104 344 1210 390 eum‘
1226 343 1372 390 literas
1394 342 1504 406 saepe
1523 343 1606 390 rni-

326 415 421 462 fiffe
438 451 453 474 ‚
489 417 538 463 &
572 415 752 462 veniam
776 415 859 462 effe
885 414 1138 477 pollicitum
1161 432 1175 470 ;
1208 416 1278 462 sed
1310 416 1471 462 milites
1488 450 1501 473 ‚
1527 415 1605 479 qui

326 503 428 533 cum
458 503 514 533 eo
543 487 743 546 fuerant,
771 503 863 534 non
885 487 1127 535 credidiffe.
1154 487 1384 535 Obseffum
1413 488 1606 551 denique

326 559 373 607 in
403 560 546 607 castro
574 561 770 624 quodam
800 561 855 607 ab
879 562 932 607 iis
948 596 962 620 ‚
982 577 1098 623 quos
1119 561 1290 609 Probus
1310 561 1508 618 miserat,
1531 562 1605 607 in-

327 633 430 678 vito
466 633 619 679 Probo
660 633 743 680 effe
779 633 1044 696 jugulatum.
1085 635 1292 695 Longum
1333 634 1395 680 est
1432 633 1604 680 frivola

325 720 517 766 quaeque
539 706 832 761 connefstre,
853 707 901 751 &
933 703 1139 750 odiosum
1171 705 1346 762 dicere,
1372 706 1494 767 quali
1521 707 1604 753 ssa-

325 790 423 824 tura
453 777 613 833 fuerit,
634 794 727 839 quo
754 792 975 838 corpore,
1000 793 1094 838 quo
1118 777 1309 835 decore,
1340 777 1450 840 quid
1479 777 1605 825 bibe-

324 850 411 908 rit,
441 851 550 913 quid
581 849 858 897 comederit:
891 849 946 895 ab
983 850 1078 896 aliis
1114 849 1190 896 ista
1232 852 1471 908 dicantur,
1506 868 1605 914 quae

323 940 468 986 prope
492 924 547 970 ad
564 923 818 985 exemplum
843 923 954 969 nihil
977 923 1175 987 prosunt.
1197 925 1295 971 Nos
1328 924 1383 972 ad
1405 939 1481 982 ea,
1501 941 1603 988 quae

328 996 428 1043 sunt
458 995 643 1044 dicenda
659 1031 672 1056 ,
693 997 939 1044 redeamus.

635 1156 1281 1215 PROCULUS.

324 1371 427 1418 ΧΗ.
462 1332 743 1418 PROCULO
771 1368 911 1432 patria
932 1367 1202 1432 Albingauni
1222 1366 1373 1425 fuere,
1395 1365 1527 1430 pofiti
1554 1366 1601 1413 in

324 1445 515 1506 Alpibus
534 1443 794 1490 maritimis:
820 1443 942 1489 domi
971 1441 1162 1499 nobilis,
1187 1440 1256 1487 sed
1277 1440 1519 1501 majoribus
1537 1441 1601 1487 la-

323 1516 676 1572 trocinantibus,
709 1529 838 1579 atque
867 1516 979 1562 adeo
1006 1531 1197 1577 pecore,
1223 1532 1273 1562 ac
1302 1513 1528 1570 servis‚&
1549 1515 1600 1560 iis

323 1591 484 1646 rebus,
510 1605 616 1651 quas
637 1589 911 1646 abduxerat,
939 1587 1038 1634 satis
1065 1587 1207 1633 dives.
1238 1589 1391 1633 Fertur
1408 1586 1601 1648 denique

323 1679 382 1710 eo
402 1675 735 1725 ternpore‚quo
765 1662 909 1708 sumsit
930 1661 1194 1724 imperium,
1225 1661 1316 1707 duo
1345 1660 1483 1707 millia
1512 1659 1602 1707 ser-

323 1752 488 1782 vorum
513 1736 692 1782 suorum
714 1736 908 1782 armasse.
933 1736 1049 1781 Huic
1073 1751 1192 1781 uxor
1216 1734 1402 1797 virago,
1420 1749 1520 1796 quae
1545 1733 1600 1779 il-

321 1806 449 1853 lum
439 1823 483 1851 m
503 1806 615 1854 hanc
636 1808 934 1869 praecipitavit
963 1806 1255 1863 dementiam,
1279 1805 1462 1851 nomine
1481 1805 1601 1850 Sam-

323 1879 405 1942 pso
421 1915 434 1937 ‚
457 1881 582 1942 quod
606 1881 645 1927 ei
671 1881 820 1942 postea
851 1880 1039 1926 inditum
1060 1880 1148 1926 est:
1180 1895 1278 1925 nam
1298 1892 1424 1925 antea
1447 1877 1600 1924 Vitur-

324 1952 394 2014 gia
435 1969 559 1999 nom
566 1966 664 1999 nata
701 1953 776 1999 est.
819 1954 951 2000 Filius
993 1951 1299 1999 Herennianus
1318 1986 1333 2008 ,
1377 1967 1507 2013 quem
1549 1952 1599 1998 &

323 2025 463 2088 ipsum
483 2062 495 2084 ,
513 2027 870 2090 quinquennium
900 2027 926 2072 fi
952 2025 1190 2088 implesset,
1211 2025 1269 2071 ixa
1290 2023 1408 2070 enim
1437 2023 1600 2085 loque-

323 2100 483 2154 batur,
511 2099 689 2146 dicasset
723 2099 927 2159 imperio.
961 2099 1138 2153 Homo,
1171 2096 1294 2159 quod
1327 2095 1474 2157 negari
1503 2111 1597 2141 non

322 2171 498 2235 potest,
530 2171 756 2234 optimus,
788 2172 995 2234 idemque
1036 2169 1322 2216 fortiffimus:
1353 2168 1441 2230 ipse
1478 2183 1598 2230 quo-

322 2259 414 2305 que
436 2243 682 2291 latrociniis
712 2244 927 2297 assuetus,
957 2242 1033 2305 qui
1062 2255 1209 2288 tamen
1241 2255 1449 2286 armatam
1484 2239 1597 2284 sem-

324 2332 403 2377 per
431 2315 568 2379 egerit
591 2315 742 2362 vitam.
762 2333 861 2362 nam
894 2317 942 2362 &
976 2315 1123 2360 multis
1154 2312 1403 2374 legionibus
1426 2312 1596 2358 Tribu-

325 2404 407 2433 nus
427 2387 631 2449 praefuit‚
656 2389 706 2435 &
731 2386 864 2435 fortia
887 2387 1023 2435 edidit
1051 2385 1174 2432 fafia.
1196 2387 1249 2430 Et
1277 2382 1489 2447 quoniam
1512 2382 1595 2428 mi·

323 2458 442 2506 nima
469 2476 659 2524 quaeque
685 2459 880 2523 jucunda
911 2459 1038 2518 sunt,
1064 2471 1195 2522 atque
1227 2458 1391 2505 habent
1423 2453 1594 2519 aliquid
