1714 2807
317 174 407 220 124
554 159 948 208 TREBELLH
995 159 1404 207 POLLIONIS

309 265 567 315 concessum
583 301 596 324 ‚
614 281 790 312 carnem
809 266 859 312 &
877 263 997 311 olera
1021 263 1283 327 sequestrata
1299 300 1312 322 ,
1329 263 1602 313 calceamenS

308 353 349 387 ta
377 338 581 395 servilia,
604 341 654 386 &
676 350 823 385 cetera
852 337 983 395 talia,
1019 337 1157 400 usque
1182 337 1238 383 ad
1267 335 1485 382 summum
1514 336 1603 383 rei-

308 413 501 478 publicae
546 412 798 476 periculum
837 410 1098 469 seditionis,
1133 411 1193 457 ita
1230 426 1279 456 ut
1324 421 1602 456 armarentur

308 498 470 532 contra
497 501 574 532 eos
605 484 854 541 exercitus,
888 494 1203 546 pervenerunt.
1233 480 1456 528 Familiari
1490 496 1602 544 ergo

307 558 388 605 fibi
414 557 568 606 furore
586 593 601 617 ‚
623 574 724 606 cum
754 556 955 619 quodam
983 555 1054 602 die
1081 553 1308 617 cujusdam
1335 553 1491 601 servus
1519 569 1604 600 ωε

305 632 502 690 tatoris,
532 632 613 695 qui
649 629 969 677 Alexandriam
1008 640 1120 674 tunc
1151 627 1359 689 regebat,
1391 626 1605 672 militarie

305 705 371 751 ob
395 705 486 751 hoe
505 702 642 751 caesus
666 701 798 755 esset,
817 701 942 763 quod
966 698 1168 760 crepidas
1193 700 1287 743 suas
1308 697 1515 744 meliores
1535 696 1602 744 es-

306 774 351 822 se
369 811 382 833 ,
400 791 533 838 quam
559 774 713 821 militis
737 773 936 828 dicerer,
959 771 1148 818 collefm
1177 770 1420 816 multitudo
1445 771 1499 816 ad
1519 770 1602 816 do-

305 863 429 893 mum
447 844 676 892 AEmiliani
698 843 827 891 ducis
842 858 1006 905 anceps
1030 842 1157 889 venit
1172 877 1185 899 ,
1201 854 1334 903 atque
1353 857 1453 888 eum
1474 840 1603 888 omni

306 918 578 965 seditionum
594 916 895 963 instrumento
915 917 964 963 &
980 914 1133 961 furore
1154 913 1379 977 persecuta
1396 913 1473 960 est.
1493 913 1603 960 icius

301 994 368 1039 est
395 992 642 1054 lapidibus,
667 991 834 1053 petitus
855 990 915 1038 est
943 989 1091 1036 ferro:
1117 1004 1202 1034 nec
1225 987 1351 1034 desiit
1377 987 1603 1034 ullum·se·

305 1066 493 1113 ditionis
529 1066 682 1113 telum.
714 1082 802 1128 qua
839 1081 887 1111 re
928 1064 1111 1111 coafilus
1151 1061 1415 1110 AEmilianus
1452 1060 1603 1109 sumslt

305 1138 574 1202 imperium,
594 1155 695 1186 cum
714 1138 862 1195 sciret,
884 1136 963 1183 fibi
981 1137 1284 1199 undecunque
1308 1135 1603 1197 pereundum.

306 1212 642 1260 Consenserunt
663 1212 705 1258 ei
730 1211 1025 1275 AEgyptiacus
1054 1210 1304 1267 exercitus,
1333 1208 1527 1255 maxime
1554 1207 1604 1255 in

306 1285 503 1333 Gallieni
534 1285 705 1333 o'dium.
738 1287 838 1332 Nec
867 1283 961 1346 ejus
1002 1284 1057 1330 ad
1090 1284 1328 1347 regendam
1363 1281 1607 1343 rempubli-

304 1375 403 1406 cam
429 1358 562 1422 vigor
585 1357 740 1405 defuit.
766 1374 867 1404 nam
893 1356 1174 1403 Thebaidem
1203 1364 1434 1418 totamque
1456 1356 1602 1418 AEgy-

304 1443 432 1494 prum
462 1430 744 1494 peragravit,
771 1432 819 1477 ὅ(
847 1442 1068 1493 quatenus
1101 1428 1249 1492 potuit
1267 1464 1282 1486 ,
1309 1428 1603 1475 barbarorum

305 1517 458 1568 gentes
485 1503 595 1550 forti
617 1501 884 1549 au&oritate
910 1502 1156 1548 submovit.
1184 1501 1377 1563 denique
1405 1504 1603 1546 Alexan-

305 1582 398 1634 der,
435 1577 511 1624 vel
544 1578 872 1623 Alexandrinus
894 1610 909 1631 ,
932 1573 1068 1638 (nam
1099 1574 1321 1621 incertum
1351 1572 1395 1619 id
1416 1576 1603 1635 quocjue

304 1648 526 1714 habetur)
553 1649 775 1696 virtutum
799 1648 965 1694 merito
982 1659 1174 1694 vocatus
1191 1646 1267 1694 est.
1288 1647 1343 1692 Et
1366 1662 1467 1693 cum
1488 1661 1604 1692 con·

304 1734 372 1769 tra
408 1722 544 1768 Indos
579 1734 752 1784 pararet
791 1720 1156 1780 expeditionem,
1187 1717 1317 1765 miffo
1351 1717 1605 1764 Theodoto

305 1794 423 1841 duce
436 1829 450 1851 ‚
463 1793 676 1840 Gallieno
696 1791 880 1852 jubente
899 1791 947 1837 dc
957 1791 1019 1837 dit
1041 1807 1220 1853 poenas:
1237 1790 1450 1854 liquidem
1468 1789 1605 1836 stran-

304 1866 479 1932 gulatus
512 1866 558 1913 in
587 1881 764 1913 carcere
790 1864 1082 1926 captivorum
1108 1875 1315 1910 veterum
1341 1878 1469 1908 more
1498 1874 1607 1924 per-i

308 1940 505 1986 hibetur.
532 1939 793 1986 Tacendum
829 1937 915 1984 effe
950 1953 1044 1983 non
1071 1937 1235 1992 credo,
1257 1935 1382 1998 quod
1411 1952 1511 1982 cum
1548 1935 1606 1980 de

307 2015 511 2077 AEgypto
529 2012 697 2074 loquor
709 2048 722 2071 ‚
744 2023 876 2060 vetus
893 2009 1093 2074 suggeffit
1109 2009 1290 2057 historia
1303 2043 1315 2065 ,
1328 2008 1454 2054 simul
1470 2007 1605 2055 etiam

308 2086 505 2133 Gallieni
525 2085 691 2132 saelum
706 2101 715 2129 :
730 2084 805 2147 qui
824 2100 923 2131 cum
939 2082 1188 2130 Theodoto
1209 2081 1345 2128 vellet
1365 2080 1604 2143 imperium

310 2158 634 2223 proconsulare
659 2158 921 2213 decernere,
945 2173 969 2202 a
989 2154 1292 2202 sacerdotibus
1311 2153 1372 2200 est
1395 2152 1604 2215 prohibi-

312 2245 410 2290 tus,
431 2231 509 2296 qui
543 2231 785 2284 dixerunt,
809 2229 943 2275 fasces
978 2228 1234 2276 consulares
1267 2225 1441 2289 ingredi
1460 2225 1605 2272 Alexa

311 2305 513 2352 andriam
549 2320 644 2350 non
681 2303 831 2349 licere.
866 2301 993 2360 cujus
1030 2301 1094 2346 rei
1133 2300 1271 2346 etiam*
1305 2299 1602 2356 Ciceronem,

308 2393 413 2423 cum
433 2388 591 2422 contra
610 2374 859 2422 Gabinium
880 2373 1106 2436 loquitur,
1125 2370 1372 2419 meminiffe
1397 2370 1495 2417 satis
1516 2385 1603 2416 no-

306 2448 473 2496 vimus.
497 2447 691 2512 denique
716 2462 809 2494 non
837 2445 976 2494 exstat
1003 2444 1223 2493 memoria
1252 2443 1317 2492 rei
1342 2442 1602 2507 frequenta-
