1714 2807
303 133 392 183 162.
527 133 1438 197 FLAVMVOPISCI·

290 259 433 306 pertas
463 260 600 289 eorum
629 244 847 289 hominum
866 279 879 301 ,
909 246 981 306 qui
1002 247 1088 290 'diu
1116 247 1349 306 reipublicae
1379 249 1561 296 viventes
1577 255 1601 307 ‚'

286 334 492 379 pauperes
512 317 624 376 sunt
637 335 657 372 ;
684 314 727 363 δ’
755 321 966 363 nullorum
994 322 1145 381 magis.
1170 319 1252 365 His
1282 334 1468 384 quoque
1494 320 1597 367 lite*-

243 445 246 447 Α
294 390 354 437 ris
385 391 632 447 indicatur,
661 406 855 453 quantus
885 391 1015 437 fuerit
1038 392 1334 445 Aurelianus,
1352 393 1402 439 &
1421 409 1597 442 revera.

294 478 444 523 neque
470 462 705 525 quisquam
723 461 966 525 aliquando
990 464 1044 509 ad
1074 463 1289 509 summam
1320 481 1470 511 rerum
1491 481 1596 527 per-

294 531 458 601 venit,
493 536 572 596 qui
610 552 707 583 non
740 552 765 584 a
808 535 953 598 prima
991 550 1121 583 aetate
1160 536 1371 600 gradibus
1414 536 1597 586 virtutiS

295 607 562 655 ascenderit.

358 681 462 728 ΧΠ.
491 681 653 727 Literae
689 681 744 727 de
774 679 1044 728 Consulatu.
1077 683 1342 741 Valerianus
1381 682 1601 747 Augustus

293 758 414 804 AElio
433 756 624 813 Xifidio,
641 756 834 814 PraefeHo
856 758 1005 801 cerarii.
1025 759 1279 812 Aureliano,
1299 758 1369 802 cui
1388 759 1598 817 Confida-

292 844 381 874 tum
399 829 619 873 detulimus
644 830 695 872 ob
708 843 996 888 paupertatem
1011 863 1021 883 ‚
1042 846 1124 888 qua
1144 830 1214 873 ille
1236 847 1416 891 magnus
1431 831 1506 896 est,
1532 847 1599 875 ce-

292 906 388 949 teris
413 902 552 958 major
566 937 580 958 ,
604 904 726 947 dabis
744 906 804 947 ad
819 905 1038 948 editionem
1063 902 1306 966 Circerzfium
1328 921 1472 948 aureos
1493 906 1600 948 Aa·

292 978 539 1022 toninianos
573 992 798 1031 trecentos,
824 994 1036 1038 argenteos
1075 978 1326 1037 Philippeos
1363 977 1599 1022 minutulos

294 1056 376 1100 tria
393 1056 531 1099 millia
544 1088 558 1109 ‚
579 1057 627 1098 in
649 1054 959 1120 aeresestertiam
978 1054 1273 1115 quinquagie5‚
1292 1056 1458 1100 tunicas
1481 1058 1597 1099 mul.-

293 1133 419 1177 ticias
447 1132 587 1175 viriles
615 1132 749 1174 decem
770 1164 782 1184 ‚
804 1132 939 1174 lineas
967 1130 1209 1190 AEgyptias
1230 1132 1413 1190 viginti,
1440 1135 1602 1174 mante-

295 1208 358 1252 lia
397 1205 559 1265 Cypria
593 1207 719 1263 paria
752 1206 834 1249 duo
853 1238 866 1258 ,
890 1205 1044 1262 tapetia
1078 1203 1197 1262 Afra
1228 1206 1389 1259 decem,
1406 1203 1603 1269 stragula

295 1276 456 1320 Maura
475 1276 629 1329 decem,
644 1290 796 1332 porcos
815 1288 976 1318 centum
993 1308 1006 1329 ‚
1027 1291 1120 1319 oves
1147 1288 1308 1319 centum
1325 1290 1342 1317 .·
1365 1275 1602 1317 convivium

297 1363 433 1392 autem
445 1347 664 1405 publicum
682 1344 922 1399 edijulvebis
947 1350 980 1389 S
984 1346 1218 1390 emtoribus
1233 1379 1246 1400 ,
1263 1345 1490 1405 Equitibus
1508 1347 1602 1390 Ro-

299 1421 443 1466 manis
469 1434 486 1461 .·
523 1418 677 1482 hostias
716 1417 894 1472 majores
924 1420 1064 1474 duas,
1100 1420 1282 1462 minores
1319 1433 1506 1475 quatuor.
1547 1418 1603 1462 Et
1663 1454 1665 1457 .

299 1490 520 1555 quoniam
547 1489 680 1535 etiarn
712 1489 765 1535 de
791 1489 1083 1552 arrogatione
1105 1489 1268 1551 ¹aliqua
1297 1504 1370 1534 me
1400 1489 1603 1536 dixeram

298 1564 553 1630 pofiturum
575 1597 588 1619 ‚
613 1579 714 1626 quae
738 1562 792 1608 ad
816 1575 987 1608 tantum
1010 1561 1265 1624 Principem
1296 1560 1602 1624 pertinerent,

301 1638 485 1702 quaeso,
507 1653 561 1682 ne
578 1637 785 1682 odiofior
810 1636 1108 1683 verbofiorve
1126 1652 1175 1682 ea
1195 1651 1243 1681 re
1267 1634 1446 1681 videar:
1470 1651 1605 1697 quam
1640 1640 1641 1643 ’

303 1713 409 1761 fidei
451 1712 578 1759 causa
613 1711 896 1757 inserendam
930 1710 1098 1758 credidi
1131 1727 1186 1756 ex
1219 1707 1344 1754 libris
1384 1707 1565 1754 Acholii
1589 1743 1606 1768 ,

305 1787 384 1848 qui
407 1785 613 1847 magister
635 1784 950 1831 admiffionum
984 1781 1211 1830 ValerIani
1238 1780 1458 1844 Principis
1485 1780 1571 1826 fuit
1590 1815 1608 1839 ‚

230 1906 234 1909 ,
305 1858 426 1904 libro
457 1857 673 1902 Ailorum
709 1855 804 1918 ejus
837 1872 980 1902 nono.

371 1932 494 1977 Xul.
535 1931 653 1975 Cum
697 1929 963 1977 consedisset
996 1927 1264 1975 Valerianus
1304 1925 1524 1989 Augustus
1556 1924 1606 1972 in

305 2003 493 2052 thermis
521 2004 636 2065 apud
665 2002 935 2066 Byzantium
954 2039 967 2058 ‚
996 2002 1214 2065 praesente
1237 2001 1466 2057 exercitu,
1488 2017 1608 2063 prae-

308 2077 430 2125 sente
463 2077 594 2122 etiam
634 2076 791 2123 officio
820 2075 1051 2131 Palatino,
1073 2075 1357 2121 affidentibus
1385 2073 1608 2120 Memmio

309 2149 482 2206 Fusco,
502 2149 700 2197 Consule
725 2149 960 2196 ordinario
977 2185 990 2206 ‚
1009 2148 1162 2195 Baebio
1189 2151 1368 2204 Macro,
1389 2147 1608 2194 Praefcelo

308 2225 529 2288 praetorii,
546 2225 725 2283 Quinl.)
743 2224 957 2281 Ancario,
973 2223 1158 2269 Praefide
1171 2222 1376 2269 Orientis
1390 2259 1402 2278 ,
1421 2222 1611 2268 affiden-

312 2297 434 2343 tibus
451 2297 583 2345 etiam
604 2314 626 2343 a
650 2310 775 2360 parte
792 2297 907 2343 laeva
929 2297 1136 2344 Avulvio
1153 2294 1607 2359 Sz1turnino‚Scythi-

314 2370 356 2418 ci
379 2370 535 2418 limitis
568 2372 709 2429 duce,
741 2372 972 2418 Murentio
999 2372 1051 2417 ad
1082 2372 1330 2435 AEgyptum
1355 2369 1572 2416 destinato
1589 2402 1605 2427 ,

316 2444 439 2491 ‚lulio
454 2445 738 2509 Tryphone,
762 2443 1008 2492 Orientalis
1035 2444 1188 2492 limitis
1203 2444 1318 2492 duce
1331 2477 1346 2504 ‚
1368 2444 1417 2491 δι
1441 2443 1607 2490 Meceo
