1637 2785
180 143 293 192 JUL.
329 143 608 191 CAP1r0L.
643 143 1009 192 GORDIANUS
1043 141 1223 193 TERT.
1289 159 1354 209 49

78 252 227 298 Caesar
247 265 425 297 eatenus
443 249 611 306 fuerat,
635 268 657 296 a
679 250 916 308 militibus,
935 252 982 298 &
1005 252 1193 314 populo,
1217 252 1265 298 &
1282 252 1357 298 Se-

79 339 218 382 natu,
241 326 288 371 &
311 323 518 370 omnibus
544 323 774 383 gentibus,
800 323 970 385 ingenti
996 340 1172 382 amore,
1197 324 1356 387 ingen-

79 398 114 445 ti
135 397 279 443 studio
301 398 348 442 &
373 394 534 457 gratia,
560 395 777 457 Augustus
796 395 855 440 est
873 396 1130 457 appellatus.
1160 399 1358 445 Amabat-¹

79 482 152 517 tur
179 481 321 516 autem
347 465 509 513 merifo
536 467 609 514 avi
637 468 685 513 δι
710 467 956 525 avunculi,
977 467 1070 514 five
1092 469 1253 529 patris,
1277 470 1370 543 qui

81 544 213 590 ambo
247 557 329 602 pro
357 541 518 587 Senatu
551 542 599 587 &
631 555 713 601 pro
744 540 918 601 populo
949 541 1161 588 Romano
1195 556 1355 591 contra

81 614 376 661 Maximinum
406 628 522 658 arma
554 611 826 667 sumserunt,
851 612 900 658 &
925 612 1105 661 militari
1134 615 1207 659 vel
1234 633 1358 664 mor-

80 701 151 745 te,
180 686 253 733 vel
280 684 528 732 neceflitate
557 683 797 745 perierunt.
822 683 923 730 Post
950 684 1043 731 haec
1073 690 1270 735 veterani
1299 691 1356 738 ad

76 760 250 808 curiam
288 769 536 813 venerunt,
562 770 610 802 ut
641 755 889 820 discerent,
913 756 1017 820 quid
1056 760 1199 806 aElum
1237 762 1358 812 effer.

82 849 139 880 ex
170 831 330 895 quibus
353 831 444 875 duo
478 827 652 890 ingreffi
688 827 990 889 Capitolium,
1021 847 1120 877 cum
1153 832 1244 880 illic
1276 836 1357 882 Se-

83 914 212 951 natus
243 913 473 964 ageretur,
505 911 604 945 ante
629 898 761 959 ipsam
791 916 937 956 aram,
965 917 988 947 a
1018 903 1258 952 Gallicano
1276 923 1357 954 ex-

83 971 369 1029 consulibus,
382 973 428 1018 &
445 972 690 1016 Maecenate
706 969 948 1018 exducibus
961 1007 974 1030 ,
991 972 1211 1022 interemti
1232 976 1330 1024 sunt
1345 998 1359 1027 ε

85 1058 217 1108 atque
238 1043 403 1089 bellum
434 1040 685 1086 intestinum
713 1053 863 1086 ortum
886 1041 972 1099 est,
997 1060 1097 1089 cum
1124 1045 1257 1093 effent
1285 1067 1358 1096 ar-

84 1119 192 1167 mati
208 1117 338 1164 etiam
353 1116 589 1159 Senatores
604 1148 617 1170 ,
631 1112 939 1175 ignorantibus
962 1119 1183 1165 veteranis
1197 1155 1211 1177 ,
1230 1124 1355 1185 quod

87 1191 343 1240 Gordianus
362 1185 615 1233 adolescens
637 1185 756 1231 solus
778 1198 948 1233 teneret
966 1187 1218 1250 imperium.

151 1265 318 1310 XXIII.
338 1259 571 1320 Dexippus
589 1258 765 1320 quidem
789 1259 1022 1320 asseverat,
1039 1279 1092 1309 ex
1119 1264 1215 1313 filio
1237 1270 1360 1321 Gor-j

86 1337 208 1385 diani
240 1334 422 1382 tertium
459 1330 736 1377 Gordianum
767 1331 850 1378 effe
886 1347 1062 1381 natum:
1101 1339 1148 1384 &
1180 1343 1359 1402 postea-

87 1426 219 1474 quam
238 1406 435 1456 constitit
426 1405 566 1488 apud
583 1416 820 1451 veteranos
838 1421 1047 1469 quoque,
1069 1408 1211 1459 solum
1231 1417 1357 1463 Gor-

88 1483 266 1529 dianum
294 1468 534 1541 imperare3
550 1477 666 1522 inter
686 1478 981 1538 populum,&
1004 1480 1182 1540 milites,
1203 1502 1254 1533 ac
1276 1505 1357 1536 ve..

88 1569 269 1602 tetanos
293 1569 377 1614 pax
400 1550 611 1596 roborata
638 1549 725 1594 est:
749 1550 797 1595 Sc
826 1549 897 1595 hic
925 1549 1023 1597 finis
1054 1552 1157 1600 belli
1183 1556 1359 1608 intesti-

90 1625 276 1681 ni-fuit,
295 1641 394 1671 cum
424 1621 528 1668 effet
553 1621 720 1668 delatus
748 1621 984 1668 Gordiano
1016 1642 1156 1686 puero
1182 1630 1360 1680 Consu-

91 1701 219 1747 latus.
249 1698 333 1743 Sed
358 1695 574 1743 indicium
609 1710 701 1740 non
734 1694 808 1740 diu
841 1694 1100 1758 imperaturi
1139 1703 1361 1756 Gordiani

91 1774 182 1820 hoc
212 1770 324 1828 fuit,
350 1769 473 1831 quod
495 1767 664 1829 eclipsis
682 1766 784 1813 solis
817 1767 925 1815 satia
951 1770 1037 1828 est,
1064 1785 1114 1818 ut
1139 1791 1232 1822 nox
1262 1796 1362 1827 cre-

92 1846 296 1897 deretur,
329 1856 472 1903 neque
504 1839 592 1885 (ine
626 1838 868 1885 luminibus
897 1842 1090 1888 accenfis
1117 1845 1363 1910 quidquam

26 1942 29 1943 ν
93 1915 162 1978 agi
187 1913 340 1975 poffet.
370 1911 472 1958 Post
500 1911 594 1957 haec
615 1923 761 1957 tamen
787 1913 1093 1975 voluptatibus
1120 1919 1168 1964 &
1191 1919 1363 1971 deliciis

93 1986 290 2050 populus
309 1985 539 2030 Romanus
558 1983 738 2029 vacavit
751 1997 825 2040 ,ut
841 2001 915 2040 ea,
932 2004 1032 2049 quae
1052 1987 1226 2037 fuerant
1239 1995 1365 2057 aspe-

94 2075 141 2105 re
161 2056 301 2121 gesta,
331 2055 563 2119 mitigaret.
591 2056 792 2102 Venusto
823 2058 870 2104 ὅ(
896 2058 1062 2106 Sabino
1091 2062 1220 2109 Coss.
1254 2066 1364 2115 inita

94 2131 155 2178 est
183 2128 351 2177 fafflo
340 2146 386 2174 ιη
413 2127 564 2175 Africa
589 2140 744 2175 contra
761 2129 1042 2176 Gordianum
1059 2144 1142 2177 tert
1146 2133 1259 2192 ium,
1280 2139 1365 2185 du-

92 2220 146 2252 ce
165 2201 428 2249 Sabiniano:
444 2218 577 2264 quem
598 2202 855 2248 Gordianus
869 2237 882 2261 ‚
897 2220 973 2264 per
994 2204 1217 2266 proefidem
1238 2211 1368 2258 Mau-

95 2276 267 2323 ritaniae
290 2274 505 2321 obseffum
533 2292 556 2320 a
587 2274 832 2336 conjuratis
851 2311 864 2331 ‚
889 2276 946 2322 ita
978 2279 1216 2338 oppressit,
1243 2297 1289 2327 ut
1313 2284 1371 2331 ad

97 2363 197 2394 eum
232 2346 492 2392 tradendum
528 2348 841 2410 Carthaginem
869 2364 1024 2395 omnes
1057 2351 1289 2411 venirent,
1320 2358 1372 2404 ὗε

97 2420 283 2470 crimina
304 2417 568 2465 confitentes
585 2455 598 2475 ,
619 2421 668 2466 ὃς
697 2420 874 2467 veniam
895 2420 1128 2469 sceleribus
1151 2425 1372 2485 postulari-2

195 2495 361 2555 Scripcc.
391 2494 455 2540 H.
485 2497 546 2541 A.
581 2496 680 2541 Vol.
711 2495 774 2541 II.
1075 2494 1135 2560 D¹
