1637 2785
302 139 805 191 mser-umus
857 141 1132 192 NioER.
1268 159 1352 206 173

82 251 394 309 vescerentur,
421 247 632 311 appositis
659 247 1034 310 speculatoribus,
1058 248 1137 313 qui
1167 249 1210 295 id
1236 266 1361 297 cura·

80 338 196 373 rent.
220 325 337 372 Idem
362 322 506 384 justit,
524 338 577 368 ne
607 321 651 367 in
679 320 806 368 zonis
831 321 993 369 milites
1018 322 1072 367 ad
1094 322 1257 368 bellum
1282 339 1362 369 au-

81 412 186 443 reos
217 396 289 441 vel
317 406 548 458 argenteos
576 408 784 440 nummos
819 404 1079 453 portarent,
1107 392 1177 439 sed
1213 394 1362 455 publi-

81 483 134 514 ce
177 466 570 522 commendarent,
612 463 833 525 recepturi
869 462 966 525 post
1007 464 1196 525 proelia,
1236 468 1362 529 quod

81 539 316 586 dederant:
339 537 527 594 addens,
550 535 699 582 liberis
717 552 875 583 eorum
904 537 952 583 &
971 536 1191 583 uxoribus
1214 540 1260 585 δι
1281 539 1361 586 he-

78 610 256 658 redibus
276 622 395 658 certe
421 609 692 655 reddendum
708 644 721 667 ,
748 608 824 670 qui
847 608 1093 666 venifl‘ent,
1115 625 1170 655 ne
1198 611 1251 656 ad
1277 611 1361 657 ho-

79 683 162 730 stes
187 682 354 746 aliquid
382 683 540 745 praedae
563 682 841 745 perveniret,
866 682 895 728 fi
914 682 1022 745 quid
1043 681 1161 729 forte
1189 683 1361 733 adverfi

80 755 262 802 fortuna
301 754 477 803 fecifl'et.
508 755 592 803 Sed
631 755 728 802 haec
769 754 951 813 omnia,
985 767 1035 801 ut
1073 754 1113 801 se
1147 755 1362 804 habuerat

80 829 330 876 Commodi
347 842 601 892 temporum
620 829 875 885 diffolutio,
899 828 1079 876 adversa
1099 828 1242 876 eidem
1267 830 1362 877 fue-

79 919 142 950 re.
162 902 371 965 Denique
394 902 467 949 etsi
484 919 617 949 nemo
637 902 738 961 fuit,
764 903 841 966 qui
861 902 944 949 suis
967 902 1245 964 temporibus
1270 904 1361 950 dux

80 974 281 1026 severior
302 974 556 1034 videretur,
574 976 626 1022 ad
646 975 887 1038 perniciem
909 975 972 1022 illi
998 974 1134 1039 magis
1166 974 1240 1022 ista
1262 975 1359 1022 fue-

82 1064 154 1106 re,
182 1066 317 1112 quam
344 1061 558 1106 mortuo,
586 1048 664 1095 ubi
699 1051 747 1097 &
777 1047 943 1095 invidia
966 1048 1015 1096 &
1038 1048 1193 1095 odium
1220 1048 1361 1112 depo·

82 1122 158 1170 fita
184 1136 332 1181 erant,
360 1123 462 1170 talia
490 1122 692 1187 exempla
721 1123 975 1171 valuerunt.

148 1196 227 1242 XI.
256 1196 375 1242 Idem
405 1195 450 1241 in
482 1196 607 1242 omni
637 1195 926 1259 expeditione
959 1207 1059 1241 ante
1089 1210 1246 1242 omnes
1273 1196 1361 1243 mi·-

80 1266 254 1314 litarem
282 1268 430 1316 cibum
457 1268 600 1315 sumfit
626 1281 727 1316 ante
752 1269 1051 1332 papilionem:
1076 1285 1155 1316 nec
1175 1269 1252 1316 fibi
1280 1287 1361 1317 unu

82 1357 216 1403 quam
244 1341 317 1388 vel
343 1354 501 1388 contra
527 1341 690 1400 solem,
726 1342 800 1388 vel
829 1354 986 1389 contra
1014 1341 1175 1388 imbres
1205 1342 1364 1405 quaesl0

58 1412 154 1459 ivit
179 1413 279 1460 tecti
309 1412 590 1478 suffragium,
622 1415 650 1460 si
685 1413 811 1460 miles
840 1429 936 1459 non
968 1413 1135 1460 habuit.
1165 1413 1362 1460 Tantum

80 1485 274 1549 denique
292 1487 394 1533 belli
408 1500 638 1550 tempore,
652 1487 828 1534 ratione
852 1485 1068 1533 militibus
1086 1486 1360 1533 demonstra-

82 1570 155 1616 ta,
185 1559 263 1605 fibi
295 1561 343 1607 δι
376 1559 515 1607 servis
549 1560 632 1606 suis
666 1560 741 1607 vel
775 1558 1174 1606 contubernalibus
1207 1572 1362 1621 porra-

83 1628 177 1686 vit‚
197 1646 412 1692 quantum
432 1648 456 1689 a
472 1630 685 1677 militibus
702 1629 922 1676 ferebatur
941 1647 951 1675 ε
971 1646 1070 1676 cum
1090 1629 1243 1678 servos
1262 1630 1364 1677 suos

83 1716 290 1749 oneraret
307 1720 486 1750 annona
502 1739 515 1761 ,
535 1720 589 1750 ne
610 1703 674 1749 illi
693 1703 835 1750 securi
855 1703 1132 1749 ambularent
1147 1738 1159 1760 ,
1180 1706 1226 1750 &
1248 1719 1363 1750 onu=

82 1773 134 1819 sti
166 1775 348 1839 milites,
379 1775 514 1839 idque
543 1775 596 1821 ab
625 1776 821 1823 exercitu
849 1792 948 1824 cum
977 1775 1159 1839 suspirio
1189 1776 1364 1824 viderec

83 1859 170 1894 tur.
191 1848 308 1895 Idem
339 1850 384 1896 in
416 1849 640 1897 concione
672 1849 836 1910 juravit
852 1886 865 1908 ‚
886 1849 928 1897 se
947 1885 959 1907 ‚
976 1848 1188 1912 quamdiu
1219 1848 1265 1895 in
1284 1866 1361 1895 ex·

83 1918 388 1980 peditionibus
418 1921 589 1977 fuisset,
631 1922 822 1984 effetque
852 1920 995 1967 adhuc
1028 1918 1230 1977 futurus,
1267 1935 1362 1966 non

84 1991 212 2039 aliter
235 1994 318 2041 effe
347 1996 542 2042 achitum
565 1997 630 2053 se,
655 2013 786 2058 quam
815 1997 998 2043 militem
1015 2031 1030 2052 ‚
1059 1995 1252 2042 Marium
1279 2012 1362 2041 an-

86 2077 131 2110 te
159 2066 321 2114 oculos
352 2068 585 2126 habentem
601 2103 613 2125 ‚
631 2070 679 2114 ὃς
698 2068 831 2114 duces
854 2068 974 2114 tales.
1001 2084 1083 2115 nec
1111 2066 1212 2112 alias
1231 2065 1360 2111 fabu-¹

85 2136 149 2182 las
168 2154 361 2200 unquam
378 2132 532 2188 habuit
546 2176 560 2197 ,
575 2141 654 2186 nis1
668 2142 720 2186 de
738 2140 987 2187 Hannibale
1004 2176 1015 2198 ,
1035 2138 1279 2201 ceterisque
1299 2153 1362 2184 taz

86 2209 219 2258 libus.
250 2213 463 2275 Denique
494 2230 593 2260 cum
624 2213 886 2273 Imperatori
917 2212 1035 2259 faCm
1071 2211 1249 2273 quidam
1284 2228 1362 2272 pa-

86 2282 351 2346 negyricum
391 2285 573 2331 recitare
607 2285 766 2338 vellet,
804 2284 916 2331 dixit
950 2285 1017 2335 ei,
1053 2287 1189 2330 Scribe
1219 2286 1362 2328 laudes

88 2357 225 2400 Marii
241 2391 252 2412 ‚
270 2363 336 2404 vel
347 2356 638 2414 Hannibalis,
656 2363 720 2404 vel
744 2358 928 2415 alicujus
954 2360 1068 2403 ducis
1095 2359 1242 2416 optimi
1273 2359 1360 2401 vica

78 2426 246 2490 fimffi,
278 2428 320 2478 δ’
347 2433 435 2490 dic,
461 2432 561 2492 quid
586 2432 651 2476 ille
665 2430 836 2492 fecerit,
864 2446 909 2476 ut
927 2449 1013 2476 eum
1035 2446 1114 2474 nos
1144 2431 1361 2474 imitemur.
