1714 2807
309 162 385 195 ΚΧ
513 148 873 193 NOTITIA
918 147 1381 193 LITERARIA

308 256 369 304 est
388 271 489 302 cum
510 254 705 300 diffione
731 251 950 315 Spartiani
971 251 1211 299 fimilitudo
1226 285 1241 311 ,
1262 264 1338 309 ut,
1365 253 1393 298 fi
1412 252 1573 299 diversi

307 332 405 378 sunt
433 328 632 375 aussores
662 326 897 384 censendi,
923 341 1016 373 uno
1043 326 1181 373 veluti
1215 342 1295 373 ore
1324 327 1465 373 locuti
1499 327 1571 375 vi·

306 403 506 446 deantur.

372 474 479 519 Vita
507 474 723 519 Commodi
749 472 962 516 Antonini
990 468 1068 516 sub
1094 468 1279 516 nomine
1306 472 1421 516 AElii
1443 473 1573 516 Lam·

297 550 428 608 pridii
467 546 638 609 legitur.
679 543 906 590 Robertus
949 559 974 588 a
1014 544 1148 589 Porta
1186 544 1297 589 Julii
1341 545 1574 604 Capitolini

303 637 399 667 eam
430 619 514 666 effe
542 617 676 666 dicit:
710 617 758 664 in
783 615 981 679 antiquis
1005 616 1090 662 illis
1115 615 1335 678 excerptis
1366 616 1574 665 Palatinis

301 695 445 741 eidem
487 691 748 739 adscribitur
779 694 1023 752 spartiano.
1064 693 1209 737 Publii
1247 702 1396 736 autem
1431 691 1574 737 Helvii

300 769 531 812 Pertinacis
554 775 568 796 1
608 764 751 810 vitam
781 763 899 810 Julio
929 761 1217 824 Capitolino,
1246 761 1322 823 qui
1353 761 1469 808 circa
1500 778 1571 810 an.

302 841 357 886 C,
381 856 463 901 335
489 838 604 884 vitas
624 839 947 898 Imperatorum
982 834 1149 896 scripsit
1176 833 1224 880 in
1249 833 1427 897 gratiam
1445 836 1573 881 Con-

298 910 478 957 stantini
502 912 562 955 M.
581 909 688 956 editi
717 909 767 956 &
794 906 943 970 scripti
972 905 1074 952 libri
1093 905 1323 963 tribuunt,
1342 921 1474 968 quam
1498 905 1574 953 iti-

297 985 397 1031 dem
426 983 643 1045 Spartiani
669 983 751 1029 effe
778 983 974 1029 innuunt
998 994 1206 1042 excerpta
1237 992 1388 1026 vetera
1412 980 1571 1027 Palati-

295 1073 367 1102 nae
405 1055 517 1101 Bibl.
551 1055 668 1100 Vitae
702 1056 837 1099 Didii
873 1054 1071 1108 Iuliani,
1109 1055 1306 1113 Septimii
1340 1055 1478 1099 Severi
1517 1053 1568 1100 &

296 1130 509 1190 Pescennii
540 1131 696 1190 Nigri,
728 1128 960 1188 Spartiano
1001 1125 1309 1173 adscribuntur
1345 1126 1477 1172 etiam
1520 1126 1568 1172 in
1631 1155 1637 1161 0

297 1201 491 1264 vulgatis
526 1202 574 1247 δι
613 1199 782 1261 scriptis
815 1198 964 1255 libris,
1000 1199 1080 1244 nisi
1114 1199 1239 1259 quod
1269 1198 1416 1246 codex
1455 1199 1568 1261 regis

296 1273 454 1319 Galliae
493 1272 629 1319 vitam
671 1274 807 1317 Severi
843 1270 996 1317 tribuit
1037 1272 1154 1317 sulio
1191 1272 1462 1331 Capitolino:
1496 1270 1567 1317 sed

295 1347 450 1408 utique
469 1361 581 1391 unus
610 1345 762 1392 auilor
790 1344 905 1391 vitas
932 1344 1027 1390 illas
1059 1357 1145 1390 tres
1173 1342 1453 1405 composuit,
1472 1359 1566 1389 non

291 1418 442 1464 minus
463 1433 594 1479 quam
624 1420 753 1462 vitam
787 1420 925 1463 Clodii
944 1418 1097 1463 Albini
1116 1451 1129 1474 ,
1151 1431 1249 1478 quae
1276 1414 1322 1461 in
1352 1414 1482 1462 editis
1502 1414 1567 1460 se-

292 1490 447 1551 quitur
479 1489 556 1536 sub
579 1490 762 1536 nomine
789 1494 896 1539 Julii
927 1491 1180 1551 Capitolini:
1215 1503 1260 1535 at
1278 1487 1325 1534 in
1345 1487 1567 1550 excerptis

291 1563 497 1610 Palatinis
527 1562 685 1610 melius
719 1562 910 1609 refertur
939 1564 994 1609 ad
1017 1566 1305 1624 Spanianum.
1335 1561 1441 1607 Vita
1469 1567 1569 1608 An-

290 1636 430 1681 tonini
457 1638 679 1681 Caracalla:
709 1635 758 1680 &
787 1638 1005 1680 Antonini
1035 1636 1148 1679 Gecae
1173 1633 1315 1679 dicata
1344 1631 1566 1679 Constan-

292 1708 392 1754 tino
422 1710 530 1769 Imp.
557 1709 775 1767 Spartiani
801 1722 967 1752 nomen
1003 1704 1182 1767 praefert
1210 1717 1299 1751 tam
1330 1703 1376 1750 in
1400 1703 1529 1750 editis
1549 1737 1566 1762 ,

292 1797 425 1843 quam
457 1778 709 1840 inscriptis.
734 1780 984 1840 'Utramque
1013 1778 1066 1823 ab
1098 1793 1192 1823 uno
1227 1777 1432 1833 auiiore,
1458 1775 1564 1821 illo-

287 1870 376 1915 que
398 1852 630 1914 Spartiano
643 1887 658 1909 ,
681 1850 884 1912 scriptam
904 1850 1005 1907 effe,
1021 1848 1214 1897 ostendit
1231 1848 1461 1895 Salmasius
1483 1848 1562 1894 ad-

289 1927 441 1973 versus
477 1926 667 1972 lsaacum
693 1924 1036 1980 Casaubonum‚
1061 1922 1138 1985 qui
1158 1923 1213 1968 de
1244 1921 1339 1968 vita
1370 1921 1562 1967 Antoni-

287 1998 334 2044 ni
370 1999 500 2043 Getae
540 1995 769 2059 ambiguus
807 1994 948 2041 fuerat
969 2030 983 2053 ‚
1023 1993 1149 2056 quod
1181 1992 1228 2039 in
1256 1992 1331 2038 illa
1360 1992 1562 2054 quaedam

282 2069 485 2126 dlversa,
509 2086 642 2131 quam
670 2067 716 2114 in
741 2067 966 2129 superiore
1001 2067 1255 2123 tradantur,
1273 2081 1375 2128 quae
1398 2066 1560 2112 Salma-

285 2142 369 2189 sius
405 2141 452 2188 in
482 2141 687 2188 diversos
716 2140 917 2187 auclorcs
953 2137 1124 2199 rejicit,
1158 2153 1274 2200 quos
1302 2137 1561 2199 Spartianus

343 2290 375 2315 ι.
411 2276 607 2315 Pertinacis
635 2276 676 2315 &
705 2275 808 2315 Didii
823 2275 891 2324 Ju-
954 2273 1036 2311 ricis
1072 2272 1356 2325 prooemialibuS.
1390 2271 1561 2324 Reliquas

282 2331 360 2368 liani
391 2344 436 2368 ac
471 2329 573 2382 Sept.
609 2329 737 2369 Severi
772 2331 888 2367 vitam
945 2327 1136 2365 universas
1156 2326 1264 2378 usque
1285 2327 1330 2364 ad
1347 2327 1439 2363 vitas
1460 2324 1560 2365 Gor-

282 2383 494 2433 Lampridio
511 2385 667 2422 tribuere
682 2384 822 2421 mavult
838 2383 887 2421 H.
955 2381 1145 2422 dianetum
1156 2409 1168 2429 ‚
1182 2380 1201 2429 J
1208 2381 1281 2421 ulio
1298 2380 1518 2433 Capitolino.

284 2437 504 2478 Dodwellus
530 2440 563 2476 in
589 2438 756 2490 praeleett.
782 2435 892 2476 histo-
