1637 2785
1271 126 1331 174 31

219 437 484 511 JULII
540 436 1184 507 CAPITOLINI

67 664 890 743 GORDIANI
974 663 1340 740 TRES

651 851 747 892 AD

282 1016 904 1067 CONSTANTINUM
950 1019 1123 1067 AUG.

65 1396 102 1442 Ι.
134 1352 371 1442 FUERAT
397 1390 578 1456 quidem
609 1389 874 1449 confilium,
897 1388 1166 1438 venerabilis
1193 1390 1346 1452 Augu-

66 1466 146 1523 ste,
168 1479 215 1512 ut
234 1465 431 1528 singulos
452 1464 649 1527 quosque
668 1467 980 1525 Imperatores,
995 1461 1206 1525 exemplo
1228 1462 1346 1508 mul-

67 1551 218 1586 torum
237 1574 249 1594 ‚
277 1537 399 1584 libris
423 1537 599 1600 lingulis
622 1538 674 1582 ad
692 1549 813 1582 tuam
833 1534 1130 1581 Clementiam
1159 1533 1348 1580 destina-

67 1629 178 1659 rem.
205 1629 304 1658 nam
332 1611 375 1658 id
403 1612 568 1658 multos
603 1610 775 1667 fecifl‘e,
805 1609 878 1655 vel
906 1608 995 1671 ipse
1018 1608 1249 1665 videram,
1271 1607 1349 1654 vel

69 1685 261 1731 leffione
285 1701 595 1746 conceperam.
622 1682 694 1730 sed
718 1682 976 1744 improbum
1002 1681 1145 1729 visum
1168 1680 1252 1739 est,
1272 1680 1350 1727 vel

67 1759 282 1806 Pietatem
308 1770 426 1804 tuam
456 1755 739 1804 multitudine
760 1755 964 1802 distinere
997 1755 1214 1801 librorum
1231 1789 1244 1811 ‚
1272 1753 1349 1800 vel

70 1848 219 1877 meum
260 1830 458 1876 laborem
498 1829 699 1891 plurimis
748 1828 1059 1876 voluminibus
1108 1843 1352 1890 occupare.

71 1905 227 1963 Quare
252 1918 337 1950 tres
363 1903 622 1950 Gordianos
655 1903 745 1949 hoc
776 1901 894 1948 libro
918 1900 1160 1956 contexui,
1189 1900 1352 1947 consu-

70 1976 167 2022 lens
192 1978 240 2023 &
269 1992 370 2021 meo
405 1975 575 2033 labori,
604 1977 652 2023 ὅ(
685 1974 866 2022 leffioni
896 1987 1011 2031 tuae,
1040 1990 1095 2019 ne
1125 1971 1351 2034 cogereris

72 2047 289 2112 plurimos
312 2048 488 2094 codices
519 2048 755 2095 volvendo
781 2065 915 2094 unam
948 2060 1095 2092 tamen
1122 2061 1250 2107 paene
1278 2043 1352 2089 hi-

73 2124 253 2170 storiam
277 2123 482 2169 leffitare.
506 2124 589 2169 Sed
617 2139 672 2169 ne
701 2139 814 2185 ego,
842 2121 919 2186 qui
942 2119 1270 2184 longitudinem
1300 2117 1351 2164 li-

71 2196 259 2245 brorum
288 2195 407 2258 fugi,
428 2195 849 2259 multitudinemque
877 2195 1151 2249 verborum,
1176 2193 1222 2237 in
1254 2207 1352 2238 eam

73 2269 304 2316 incurrisse
330 2269 506 2326 videar,
531 2285 662 2331 quam
688 2285 758 2315 me
790 2267 959 2315 urbane
990 2266 1213 2313 declinare
1235 2280 1353 2311 con·

77 2342 203 2406 fingo
218 2378 230 2398 ‚
249 2341 334 2402 jam
357 2359 448 2388 rem
470 2342 706 2404 aggrediar.

143 2418 198 2466 11.
223 2418 432 2464 Gordiani
453 2432 574 2474 non,
601 2428 650 2464 ut
681 2413 860 2479 quidam
891 2409 1088 2476 imperiti
1113 2409 1353 2476 scriptores
