1714 2807
340 159 428 213 m4
544 153 1417 202 AELIILAMPRIDII

397 262 470 305 IV.
498 259 703 307 Crudelis
733 260 826 309 vita
849 261 1096 308 Commodi
1132 263 1415 322 Quadratum
1447 265 1494 315 ἃ
1524 266 1617 311 Lus

331 332 480 381 cillam
501 334 720 396 compulit
738 334 791 379 ad
811 333 905 393 ejus
929 334 1285 382 interfefflonem
1313 335 1498 382 consilia
1528 335 1621 382 ini-

332 422 409 462 re,
439 421 533 451 non
568 406 658 452 fine
689 405 885 468 praefecti
916 409 1132 469 praetorio
1164 407 1404 455 Tarruteni
1440 406 1618 456 Paterni

332 477 539 526 confilio.
558 480 728 526 Datum
747 492 892 526 autem
913 481 973 526 est
994 480 1225 542 negotium
1248 483 1510 544 peragendae
1537 497 1618 527 ne-

333 550 398 596 cis
429 552 622 598 Claudio
660 550 940 613 Pompeiano
969 553 1256 615 propinquo:
1301 554 1379 616 qui
1408 553 1620 616 ingreffus

333 625 390 671 ad
408 625 714 672 Commodum
739 625 935 672 districto
960 626 1106 689 gladio
1121 661 1134 683 ‚
1155 642 1255 672 cum
1279 625 1469 674 faciendi
1492 640 1617 688 pote·

331 697 486 744 statem
509 697 749 755 habuisset,
770 698 816 744 in
847 699 943 745 haec
973 699 1111 744 verba
1136 715 1461 760 prorumpens,
1489 702 1619 745 Hunc

333 772 409 816 tibi
427 775 650 832 pugionem
670 773 849 817 Senatus
880 775 1036 830 mittit,
1059 770 1227 817 detexit
1253 771 1423 820 facinus
1449 771 1622 831 fatuus,

334 863 420 893 nec
452 845 687 908 implevit,
715 845 864 892 multis
898 861 997 891 cum
1028 861 1084 890 eo
1114 843 1482 905 participantibus
1514 859 1620 890 cau-

336 918 439 966 sam.
463 918 565 965 Post
585 919 681 966 haec
703 916 923 964 interfecti
945 915 1048 963 sunt
1071 915 1369 977 Pompejanus
1397 915 1545 978 primo
1569 916 1619 963 &

335 994 618 1053 Quadratus}
639 991 741 1038 dein
764 991 970 1037 Narbana
987 1025 1001 1047 ,
1020 1001 1153 1052 atque
1176 989 1443 1046 Norbanus,
1464 990 1513 1035 ὅ(
1537 988 1621 1033 Pa-

334 1067 473 1114 ralius
487 1102 500 1125 ,
517 1068 567 1114 &
595 1078 734 1113 mater
754 1064 847 1125 ejus
862 1101 875 1123 ,
897 1066 946 1112 &
965 1058 1136 1111 Lucilla
1161 1064 1206 1110 in
1226 1063 1426 1109 exsilium
1450 1063 1616 1109 exacta.

336 1141 454 1188 Cum
480 1140 674 1203 praefecti
699 1138 916 1202 praetorio
956 1137 1163 1184 vidiffent
1186 1173 1199 1195 ,
1229 1137 1537 1184 Commodum
1573 1136 1621 1182 in

336 1226 512 1261 tantum
537 1213 691 1260 odium
715 1211 939 1270 incidisse,
961 1212 1151 1258 obtentu
1177 1211 1335 1257 Anteri
1351 1246 1364 1266 ‚
1384 1208 1511 1269 cujus
1536 1225 1621 1271 po-

335 1288 522 1336 tentiam
549 1287 744 1350 populus
775 1288 1005 1333 Romanus
1034 1285 1148 1330 ferre
1186 1301 1281 1331 non
1311 1296 1513 1345 poterat,
1544 1299 1622 1328 ur-

337 1362 454 1409 bane
485 1364 700 1409 Anterum
729 1361 934 1407 edufihun
961 1377 984 1405 a
1012 1358 1178 1420 palatio
1215 1358 1439 1404 sacrorum
1468 1355 1589 1404 causa
1607 1390 1624 1414 ,

337 1437 390 1482 ὃ(
416 1435 674 1481 redeuntem
702 1433 747 1479 in
770 1434 928 1479 hortos
950 1432 1078 1486 suos,
1101 1447 1179 1493 per
1204 1429 1521 1477 frumentarios
1543 1444 1623 1476 oc·

334 1508 556 1556 ciderunt.
581 1506 628 1552 ld
654 1522 767 1552 vero
794 1504 1004 1568 graviu5‚
1025 1521 1156 1568 quam
1184 1505 1236 1550 de
1265 1504 1306 1550 se
1333 1503 1457 1566 ipso,
1476 1503 1620 1548 Com-

337 1580 481 1628 modo
501 1578 597 1625 suit.
626 1578 861 1624 Paternum
883 1589 1057 1632 autem,
1076 1579 1123 1625 &
1150 1576 1280 1637 hujus
1305 1576 1438 1624 caedis
1469 1574 1622 1621 aueto-

338 1671 433 1702 rem
451 1690 466 1711 ,
491 1655 540 1701 &
565 1655 804 1716 (quantum
837 1650 1094 1715 videbatur)
1132 1664 1293 1713 paratae
1322 1650 1443 1699 necis
1473 1651 1623 1695 Com-

336 1727 465 1776 modi
500 1725 758 1783 conscium,
785 1725 835 1771 &
870 1723 1256 1780 interventurum,
1282 1739 1337 1769 ne
1369 1720 1625 1783 conjuratio

336 1799 471 1846 latius
507 1797 772 1861 puniretur,
799 1796 1035 1859 instigante
1076 1796 1289 1859 Tigidio,
1316 1813 1394 1858 per
1425 1792 1625 1842 laticlavi

335 1872 565 1920 honorem
594 1888 618 1917 a
653 1869 928 1933 praefessurae
962 1867 1344 1916 administratione
1378 1866 1623 1914 submovit.

339 1944 441 2009 post
480 1959 649 2006 paucos
686 1942 780 1989 dies
820 1941 1091 1988 insimulavit
1130 1957 1231 1988 eum
1267 1939 1624 2001 conjurationis,

337 2035 443 2066 cum
469 2017 661 2076 diceret,
689 2016 750 2062 ob
770 2017 862 2063 hoc
891 2013 1148 2077 promissam
1177 2012 1336 2060 Juliani
1365 2011 1460 2059 filio
1486 2011 1623 2058 filiam

337 2089 549 2147 Paterni,
586 2101 637 2136 ut
678 2089 724 2135 in
759 2087 979 2136 Julianum
1016 2085 1325 2134 transferretur
1359 2084 1624 2147 imperium:

340 2179 482 2229 quare
499 2164 548 2210 &
566 2164 800 2208 Paternum
822 2196 834 2217 ,
852 2163 899 2208 &
919 2159 1138 2206 lulianum
1157 2194 1170 2216 ‚
1198 2160 1246 2206 &
1267 2157 1529 2205 Vitruvium
1549 2158 1626 2203 Se-

336 2237 531 2286 cundum
548 2271 560 2292 ,
590 2235 766 2281 Paterni
791 2233 1197 2290 familiarissimum,
1215 2231 1293 2295 qui
1319 2231 1521 2293 epistolas
1541 2230 1627 2277 im-

338 2309 583 2373 peratorias
635 2307 846 2363 curabat,
898 2305 1135 2352 interfecit.
1182 2305 1366 2351 Domus
1413 2318 1625 2366 praeterea

338 2381 671 2442 Quintiliorum
706 2379 854 2428 omnis
887 2378 1124 2437 exstincta,
1155 2378 1283 2440 quod
1317 2378 1472 2422 Sextus
1501 2375 1627 2421 Con-

340 2454 464 2503 diani
483 2453 627 2516 filius,
655 2453 798 2519 specie
826 2452 1011 2514 mortis,
1038 2452 1094 2500 ad
1124 2450 1420 2501 defeffionem
1450 2447 1624 2498 dicere-
