1714 2807
335 151 413 204 54·
598 140 1347 189 JUL11CAP1TOL1N1

327 245 374 293 ni
396 243 535 292 statim
557 245 657 292 Pius
684 262 763 308 per
783 263 974 295 uxorem
1006 247 1122 294 suam
1145 251 1345 296 Marcum
1368 248 1609 299 sciscitatus

329 320 416 364 est:
438 322 486 366 δι
520 337 619 368 cum
653 321 871 368 dissolutis
899 321 1200 384 sponsalibus,
1226 341 1326 388 quae
1353 342 1454 372 cum
1478 325 1611 373 Lucii

329 390 509 451 Ceionii
548 394 797 439 Commodi
827 393 916 440 filia
951 395 1220 456 desponderi
1257 398 1493 456 voluerat,
1523 398 1612 444 im-

330 480 410 526 par
435 465 577 512 adhuc
602 465 718 513 aetati
746 465 874 522 effet3
896 467 1042 514 habita
1069 469 1415 529 deliberatione,
1440 473 1612 534 cogitare

331 536 480 595 velles&
495 535 617 583 dixit.
632 536 711 583 His
731 536 790 583 ita
808 537 958 600 gestis,
971 539 1113 587 adhuc
1126 541 1406 601 Quaestorem
1423 543 1472 589 &
1486 543 1616 588 Con-

332 608 470 655 sulem
504 610 647 657 secum
678 610 782 659 Pius
810 613 1014 659 Marcum
1049 614 1317 677 designavit,
1355 617 1404 663 &
1428 615 1614 663 Caesaris

333 683 633 746 appellatione
661 685 876 731 donavit:
906 687 954 733 &
983 686 1188 733 Sevirum
1215 687 1373 734 turmis
1401 687 1616 750 Equitum

336 756 682 814 Romanorum,
715 757 799 817 jam
838 757 1082 804 Consulem
1119 759 1386 822 designatum
1419 759 1616 807 creavit:

334 830 384 876 &
415 829 562 875 edenti
595 847 696 876 curn
725 830 910 894 collegis
937 831 1067 877 ludos
1103 831 1323 879 Sevirales
1352 832 1531 890 assedit,
1565 833 1616 879 δε

334 902 381 948 in
410 903 695 950 Tiberianam
728 905 914 952 domum
947 905 1190 968 transgredi
1217 903 1359 967 justit,
1386 907 1436 954 &
1465 906 1616 953 aulico

339 973 513 1038 fastigio
534 977 798 1024 renitentem
828 978 1042 1036 ornavit,
1060 980 1109 1024 &
1131 977 1177 1023 in
1200 977 1389 1040 collegia
1415 978 1618 1025 sacerdo-

336 1059 431 1093 tum
447 1084 458 1104 ‚
477 1047 657 1107 jubente
677 1048 855 1108 senatu,
876 1049 1060 1112 recepit,
1080 1049 1318 1096 secundum
1343 1050 1471 1096 etiam
1488 1051 1619 1097 Con-

339 1118 478 1165 sulem
508 1119 779 1183 designavit‚
802 1137 902 1167 cum
933 1120 1022 1183 ipse
1045 1133 1248 1182 quartum
1277 1120 1442 1183 pariter
1471 1120 1620 1167 iniren·

336 1191 420 1236 Per
440 1192 591 1238 eadem
617 1206 842 1254 tempora,
866 1210 966 1239 cum
988 1193 1119 1239 tantis
1145 1193 1399 1238 honoribus
1420 1207 1620 1253 occupa-

338 1278 480 1319 retur,
504 1266 554 1312 δέ
581 1282 681 1314 cum
713 1264 974 1311 formandus
1004 1266 1058 1311 ad
1081 1265 1319 1328 regendum
1344 1264 1498 1310 statum
1528 1263 1620 1309 rei-

338 1339 532 1399 publicae
557 1341 692 1402 patris
713 1338 879 1386 :iffibus
899 1340 1147 1395 interesset,
1177 1339 1315 1385 studia
1341 1337 1619 1402 cupidissime

335 1411 656 1475 frequentavit.
678 1415 777 1460 Post
795 1415 889 1461 haec
904 1414 1154 1461 Faustinam
1174 1414 1297 1459 duxit
1315 1429 1532 1460 uxorem:
1549 1413 1619 1470 &‚

338 1485 535 1547 suscepta
563 1485 652 1533 filia
669 1523 681 1544 ‚
706 1488 942 1535 tribunicia
969 1487 1184 1551 potestate
1214 1487 1404 1534 donatus
1433 1486 1524 1544 est,
1551 1497 1619 1532 at-

338 1574 427 1621 que
449 1558 639 1620 imperio
666 1574 785 1606 extra
814 1560 982 1607 Urbem
1007 1559 1347 1623 proconsulari,
1367 1558 1519 1605 addito
1546 1557 1620 1618 ju-

341 1649 390 1679 re
411 1632 578 1695 quintae
609 1632 846 1679 relationis.
869 1645 1131 1695 tantumque
1152 1633 1270 1695 apud
1293 1632 1419 1678 Pium
1445 1630 1620 1688 valuit,

341 1717 392 1750 ut
420 1722 648 1768 nunquam
673 1722 940 1768 quemquam
965 1706 1054 1750 sine
1078 1721 1134 1751 eo
1160 1703 1289 1752 facile
1316 1702 1620 1766 promoverit.

342 1780 450 1824 Erat
483 1791 631 1824 autem
664 1779 710 1825 in
747 1778 943 1834 summis,
970 1777 1196 1840 obsequiis
1232 1775 1369 1840 patris
1409 1777 1621 1821 Marcus:

341 1851 548 1912 quamvis
582 1866 676 1896 non
712 1850 930 1908 deessent,
960 1850 1035 1913 qui
1070 1850 1218 1912 aliqua
1254 1847 1488 1896 adversum
1517 1864 1618 1894 eum

342 1921 688 1978 insusurrarent3
708 1924 754 1970 δι
773 1940 862 1985 prae
884 1923 1040 1970 ceteris
1062 1923 1266 1969 Valerius
1286 1921 1493 1968 Omulus.
1512 1919 1620 1982 qui,

341 2011 443 2042 cum
470 1994 683 2042 Lucillam
701 2030 713 2052 ‚
738 2007 922 2042 matrem
956 1995 1128 2053 Marci,
1150 1994 1197 2040 in
1231 1992 1448 2039 viridario
1476 2007 1620 2038 vene-

340 2080 512 2115 rantem
548 2068 830 2114 simulacrum
868 2067 1093 2130 Apollinis
1129 2066 1336 2123 vidisset,
1371 2064 1620 2111 insusurra-

342 2141 437 2201 vit,
461 2144 541 2188 Illa
561 2161 670 2189 nunc
699 2157 815 2204 rogat
832 2177 844 2198 ‚
873 2159 918 2187 ut
951 2145 1055 2187 diem
1079 2158 1193 2186 tuum
1222 2142 1417 2196 claudas,
1438 2137 1479 2185 δ’
1493 2139 1620 2196 filizts

342 2220 518 2278 imperet.
537 2217 661 2279 quod
687 2215 878 2263 omnino
906 2216 1022 2277 apud
1051 2215 1173 2260 Pium
1197 2213 1307 2259 nibil
1332 2211 1502 2258 valuit:
1523 2223 1620 2257 tan-

343 2304 386 2336 ta
408 2304 499 2335 erat
520 2287 662 2335 Marci
679 2287 904 2351 probitas,
918 2288 966 2333 &
987 2298 1104 2332 tanta
1125 2285 1169 2331 in
1189 2282 1481 2347 imperatorio
1497 2281 1621 2344 prin·-

343 2362 492 2425 cipatu
515 2362 742 2409 modestia.
1022 2364 1025 2367 ’

410 2437 507 2482 VII.
539 2433 888 2483 Existimationis
904 2444 1049 2481 autem
1072 2443 1237 2480 tantam
1266 2445 1419 2480 curam
1438 2425 1620 2484 habuit,
