1714 2807
338 171 427 200 1¹2
545 130 1410 193 AELIILAMPRIDII

330 255 543 305 modiana
579 248 943 304 conservandus,
972 244 1213 291 undecimo
1254 238 1481 288 Kalendas
1516 236 1615 282 Ro-

334 345 516 385 manas,
542 324 758 372 Praesente
797 323 958 367 iterum
981 317 1196 366 Consule.
1235 314 1371 361 tertio
1402 310 1622 358 meditans

335 405 392 450 de
426 398 738 464 profeffione,
769 411 793 440 a
822 394 981 440 Senatu
1018 391 1066 437 &
1106 388 1280 450 populo
1318 385 1397 430 suo
1424 394 1622 429 retentus

336 477 416 524 est.
442 486 549 520 vota
574 487 656 532 pro
675 485 731 515 eo
752 466 861 513 faEia
887 465 983 511 sunt
1004 462 1152 509 Nonis
1168 461 1280 514 Piis,
1300 456 1517 504 Fusciano
1539 453 1620 499 ite·

335 566 439 597 rum
459 544 671 593 Consule.
703 544 821 587 lnter
842 540 936 585 haec
957 536 1148 583 refertur
1174 534 1216 578 in
1244 532 1415 585 literas,
1441 524 1625 590 pugnas-

339 623 385 670 se
434 621 558 666 illum
594 617 671 663 sub
712 626 836 677 patre
867 609 1105 659 trecenties
1144 605 1336 668 sexagies
1372 598 1627 664 quinquies.

337 697 450 742 Item
480 690 631 754 postea
657 699 832 734 tantum
862 684 1108 746 palmarum
1128 674 1487 741 gladiatoriarum
1511 688 1626 719 con-

337 767 489 815 fecisse
504 800 520 823 ‚
539 763 613 810 vel
629 760 756 809 viffls
775 757 962 806 retiariis
981 791 993 813 ‚
1016 754 1090 800 vel
1106 751 1266 798 occisis
1281 760 1355 806 ‚ut
1374 746 1494 793 mille
1516 760 1627 791 con·

339 843 549 905 tingeret.
581 839 792 883 Ferarum
817 846 962 879 autem
983 826 1259 876 diversarum
1290 838 1425 869 manu
1452 819 1527 864 sua
1547 833 1630 864 oc·

342 916 451 962 cidit
473 910 613 958 multa
635 906 774 955 millia
791 940 804 963 ,
829 904 890 949 ita
918 917 968 949 ut
1001 900 1264 961 elephantos
1301 892 1544 941 occideret.
1577 890 1633 934 Et

342 989 440 1033 hec
467 983 572 1030 fecit
600 981 744 1043 saepe,
773 977 991 1039 spestante
1019 972 1194 1035 populo
1223 971 1450 1015 Romano-.-

411 1061 529 1106 Xlll.
570 1055 667 1102 Fuit
705 1064 853 1099 autem
888 1048 1064 1094 validus
1095 1046 1147 1090 ad
1183 1044 1307 1095 haec,
1338 1039 1444 1085 alias
1474 1034 1633 1083 debilis

344 1135 397 1181 δι
426 1131 626 1180 infirmus
648 1145 662 1183 3
685 1124 801 1174 vitio
820 1121 950 1169 etiam
979 1119 1094 1164 inter
1111 1116 1293 1178 inguina
1325 1108 1635 1175 prominenti,

343 1207 407 1255 ita
428 1218 474 1251 ut
498 1204 592 1263 ejus
619 1214 847 1248 tumorem
868 1211 945 1256 per
972 1193 1127 1239 sericas
1154 1189 1293 1236 vestes
1321 1187 1518 1249 populus
1539 1183 1633 1227 Ro-

343 1294 506 1328 manus
523 1273 795 1335 agnosceret.
816 1265 979 1311 Versus
1001 1264 1046 1309 in
1066 1277 1165 1308 eum
1192 1257 1320 1304 multi
1349 1255 1498 1315 scripti
1519 1253 1638 1308 sunt,

348 1350 405 1395 de
425 1346 588 1409 quibus
606 1342 740 1389 etiam
770 1339 813 1384 in
838 1351 976 1398 opere
1001 1335 1080 1379 suo
1104 1330 1269 1377 Marius
1299 1327 1517 1374 Maximus
1539 1322 1641 1385 glo-

353 1423 507 1468 riatur.
535 1414 714 1462 Virium
745 1411 800 1458 ad
825 1405 1125 1457 conficiendas
1147 1403 1260 1449 feras
1288 1412 1509 1446 tantarum
1531 1394 1642 1450 fuit,

354 1507 405 1539 ut
431 1489 716 1551 elephantum
746 1494 890 1530 conto
915 1476 1191 1540 transfigeret
1209 1511 1223 1531 ‚
1242 1475 1289 1520 &
1315 1470 1473 1534 orygis
1495 1482 1641 1514 cornu

355 1564 476 1612 basta
504 1556 818 1613 transmiserit,
844 1556 894 1602 &
933 1551 1113 1616 singulis
1143 1548 1301 1595 iffibus
1334 1545 1474 1591 multa
1505 1539 1645 1587 millia

359 1638 556 1684 ferarum
599 1630 846 1696 ingentium
883 1624 1146 1680 conficeret.
1185 1615 1473 1681 Impudentiae
1499 1624 1646 1663 ,tantae

357 1711 472 1764 fuit,
502 1721 550 1755 ut
584 1723 685 1754 cum
727 1699 932 1750 muliebri
971 1696 1090 1744 veste
1118 1694 1163 1740 in
1200 1690 1531 1753 amphitheatro
1572 1683 1647 1729 vel

358 1788 536 1834 theatro
559 1781 736 1835 sedem,
754 1774 934 1839 publice
959 1768 1184 1832 saepiffime
1213 1764 1387 1811 biberit.
1412 1758 1529 1806 Victi
1548 1757 1649 1803 sunt

360 1860 442 1906 sub
473 1872 529 1902 eo
560 1867 736 1905 tamen,
774 1866 876 1896 cum
908 1845 981 1892 ille
1010 1843 1068 1889 fic
1101 1841 1280 1885 viveret
1301 1871 1315 1892 ‚
1349 1851 1424 1897 per
1454 1833 1649 1894 legatos,

363 1928 542 1982 Mauri;
572 1925 677 1972 viffi
707 1922 858 1978 Daci·‚
885 1915 1128 1966 Pannoniae
1150 1926 1333 1975 quoque
1361 1904 1648 1967 compositae;

365 2006 413 2052 in
442 1999 695 2051 Britannia,
725 1996 770 2041 in
813 1990 1055 2040 Germania
1080 1990 1128 2034 ὅ(
1164 1985 1210 2030 in
1234 1982 1378 2030 Dacia
1411 1976 1649 2038 imperium

365 2075 461 2138 ejus
476 2070 777 2121 recusantibus
797 2061 1170 2130 provincialibus.
1187 2073 1286 2119 quae
1306 2053 1458 2100 omnia
1479 2050 1554 2095 ista
1574 2062 1652 2110 per

368 2153 506 2199 duces
535 2147 680 2194 sedata
703 2143 816 2190 sunt.
840 2139 930 2202 Ipse
957 2133 1240 2184 Commodus
1262 2131 1306 2175 in
1340 2121 1654 2173 subscribendo

368 2224 520 2272 tardus
539 2222 587 2267 &
615 2216 868 2281 negligens,
894 2212 952 2257 ita
970 2222 1016 2255 ut
1035 2205 1195 2253 libellis
1224 2219 1311 2248 una
1337 2200 1479 2246 forma
1504 2193 1655 2241 multis

368 2294 689 2345 subscriberet:
717 2289 764 2334 in
790 2283 988 2349 epistolis
1021 2294 1166 2328 autem
1193 2273 1398 2339 plurimis
1435 2273 1538 2318 Vale
1565 2281 1656 2313 tan·

373 2382 470 2415 tum
499 2365 723 2414 scriberet.
754 2359 1084 2422 agebanturque
1118 2349 1270 2396 omnia
1302 2362 1378 2408 per
1406 2344 1515 2390 alios
1535 2376 1547 2397 ,
1578 2337 1656 2402 qui

372 2443 508 2490 etiam
527 2432 928 2488 condemnationes
950 2429 996 2476 in
1018 2427 1160 2475 sinum
1188 2420 1363 2473 vertiffe
1384 2417 1612 2465 dicuntur.
