1637 2785
389 164 1022 215 HADRIANUS.
1310 184 1343 229 7

64 293 166 325 nem
197 273 388 323 voluiffe
420 273 594 319 mittere
610 308 623 328 ,
647 273 885 335 petiturum
905 310 916 328 ,
935 291 980 320 ut
995 274 1065 340 ,si
1078 278 1182 337 quid
1203 276 1237 322 ei
1257 294 1347 322 eve-

63 348 180 414 niffit
200 385 213 404 ,
234 348 463 417 prinlcipem
497 347 698 391 Romanae
731 348 975 406 Reipublicae
989 349 1163 408 senatus
1192 353 1306 395 daret
1321 366 1346 403 ,⁸

63 422 225 471 additis
260 422 491 467 dumtaxat
518 419 780 465 nominibus
799 455 812 475 ‚
839 434 893 464 ex
931 421 1092 481 quibus
1124 423 1349 482 optimum

65 496 183 544 idem
203 493 377 540 senatus
395 493 592 556 eligeret.
616 494 711 538 Nec
732 493 888 538 desunt
902 528 914 549 ,
935 493 1010 554 qui
1036 493 1227 542 faAE‘rione
1245 496 1351 544 Plo-2

66 571 206 628 tinae,
233 581 418 616 mortuo
452 567 540 629 jam
577 566 808 623 Traiano,
838 566 1110 614 Hadrianum
1154 569 1198 614 in
1234 572 1349 616 ado-

65 641 266 704 ptionem
295 639 507 686 adscitum
542 638 625 684 effe
647 638 958 699 prodiderint;
982 640 1211 703 supposito
1228 678 1242 700 ‚
1271 642 1349 706 qui

67 730 152 778 pro
182 712 383 773 Traiano
414 712 516 759 fefl'a
544 728 663 759 voce
691 712 967 774 loqueretur.

131 788 188 834 V.
225 786 425 848 Adeptus
444 785 683 848 imperium
699 820 713 842 ,
731 785 785 831 ad
808 784 1002 848 priscum
1022 784 1065 831 se
1084 784 1224 832 statim
1249 794 1355 834 moi

68 876 162 908 rem
192 859 403 916 instituit,
429 861 479 908 δι
508 859 712 906 tenendae
731 875 809 920 per
829 860 987 906 orbem
1017 873 1231 907 terrarum
1254 861 1352 922 paci

68 950 253 996 operam
285 933 491 980 intendit.
519 950 622 979 nam
649 931 958 981 deficientibus
976 932 1043 980 his
1066 933 1351 991 nationibus,

67 1023 175 1070 quas
204 1004 426 1066 Traianus
460 1004 719 1069 subegerat,
759 1005 905 1052 Mauri
940 1005 1227 1061 lacessebant,
1255 1006 1353 1051 Sar-

68 1093 200 1128 matae
234 1081 400 1126 bellum
430 1079 712 1137 inferebant,
735 1079 938 1126 Britanni
967 1079 1108 1126 teneri
1150 1079 1225 1124 sub
1257 1080 1353 1124 Ro-

69 1170 200 1200 mana
227 1152 400 1199 ditione
429 1168 524 1200 non
553 1166 761 1214 poterant
783 1189 793 1207 ‚
812 1155 1033 1215 AEgyptus
1061 1153 1355 1200 sedit³onibus

70 1227 339 1290 urgebatur,
358 1225 496 1290 Lycia
518 1225 712 1289 denique
731 1243 782 1272 ac
804 1226 1027 1271 Palaestina
1052 1227 1237 1273 rebelles
1259 1225 1355 1272 ani-

67 1315 171 1345 mos
197 1299 449 1346 efferebant.
485 1316 622 1362 quare
660 1298 814 1344 omnia
848 1310 968 1345 trans
999 1298 1267 1355 Euphratem
1301 1315 1355 1345 ac

69 1371 243 1434 Tigrim
271 1371 479 1432 reliquit,
507 1377 692 1433 exemplo
724 1371 804 1435 (ut
826 1371 1032 1435 dicebat)
1056 1375 1256 1427 Catonis,
1285 1373 1355 1433 qui

72 1450 331 1495 Macedonas
351 1448 497 1491 liberos
513 1447 849 1506 pronuntiavit,
870 1449 967 1507 quia
994 1448 1114 1492 tener-i
1132 1465 1217 1491 non
1235 1461 1354 1506 pote·

72 1537 180 1567 rant.
209 1518 549 1565 Psamatoffirim
567 1554 580 1577 ‚
599 1535 734 1581 quem
765 1517 985 1577 Trajanus
1015 1518 1183 1564 Parthis
1208 1534 1355 1577 regem

72 1591 266 1647 fecerat,
287 1591 415 1654 quod
446 1608 545 1637 eum
576 1608 668 1637 non
693 1590 840 1653 magni
874 1590 1085 1652 ponderis
1117 1591 1229 1649 apud
1254 1591 1356 1636 Par-

73 1665 181 1711 thos
212 1664 409 1719 videret,
430 1664 647 1725 proximis
672 1663 878 1726 gentibus
902 1679 1045 1725 regem
1070 1663 1204 1709 dedit.
1232 1663 1356 1709 Tan-

73 1750 169 1783 tum
198 1751 343 1784 autern
375 1737 516 1784 statim
547 1737 797 1784 clementiae
831 1736 1017 1782 studium
1055 1737 1234 1792 habuit,
1265 1750 1315 1782 ut
1338 1770 1354 1792 ,

75 1827 177 1857 cum
200 1810 277 1856 sub
307 1809 460 1871 primis
493 1810 670 1872 imperii
699 1810 852 1856 diebus
883 1810 937 1855 ab
960 1809 1140 1855 Attiano
1167 1828 1245 1871 per
1264 1810 1355 1870 epi·

74 1882 205 1929 stolas
234 1882 337 1929 effer
363 1883 645 1939 admonitus,
671 1895 718 1929 ut
747 1885 796 1930 &
823 1882 995 1928 Baebius
1021 1885 1172 1928 Macer
1201 1882 1357 1945 praefe-

77 1957 170 2003 &us
195 1957 356 2013 Urbis,
385 1957 415 2002 fi
446 1957 712 2003 reniteretur
737 1956 829 2017 ejus
861 1956 1077 2018 imperio,
1099 1971 1358 2014 necaretur,

78 2031 126 2076 &
150 2030 361 2077 Laberius
398 2030 649 2085 Maximus,
671 2029 775 2092 qui,
807 2028 1027 2091 suspeClus
1062 2029 1278 2090 imperio,
1310 2029 1358 2074 in

77 2102 219 2148 insula
245 2103 501 2160 exsulabat,
523 2103 711 2166 &Frugi
736 2102 909 2148 Crassus
928 2139 942 2161 ,
972 2102 1194 2148 neminem
1227 2102 1357 2147 laede-

79 2187 170 2220 ret:
191 2176 394 2236 quamvis
420 2175 620 2221 Craffum
654 2175 800 2237 postea
830 2188 1120 2237 procurator,
1142 2174 1358 2239 egreffum

80 2243 249 2300 insula,
276 2246 398 2306 quasi
429 2263 495 2292 res
516 2263 661 2292 novas
687 2247 946 2301 moliretur,
971 2245 1132 2303 injuffu
1160 2245 1253 2304 ejus
1274 2261 1359 2291 oc-

81 2316 253 2364 ciderit.
281 2318 502 2366 Militibus
521 2320 582 2365 ob
605 2319 801 2380 auspicia
824 2319 997 2380 imperii
1022 2318 1243 2380 duplicem
1275 2318 1361 2362 lar-

83 2389 301 2452 gitionem
333 2391 467 2437 dedit.
496 2391 671 2437 Lusium
700 2391 943 2450 Quietum,
964 2390 1138 2436 sublatis
1158 2391 1363 2453 gentibus

85 2463 272 2524 Mauris,
286 2479 402 2528 quos
419 2465 612 2528 regebat,
631 2466 738 2528 quia
754 2464 973 2527 suspectus
989 2464 1179 2523 imperio
1200 2462 1369 2524 fuerat⁹

1008 2541 1049 2584 A
1083 2555 1113 2596 4
