1637 2785
267 127 650 178 PERTINAX
687 127 1141 175 IMPERATOR.
1255 143 1338 175 121

123 239 194 285 111.
227 238 400 299 Integre
426 234 465 281 se
496 233 633 295 usque
665 234 719 280 ad
748 234 893 298 Syriae
918 235 1116 298 regimen
1140 234 1345 283 Pertinax

60 311 226 358 tenuit:
262 308 358 371 post
396 306 617 356 excessum
659 324 773 354 vero
813 308 982 365 Marci,
1023 307 1224 369 pecunia:
1257 307 1344 353 stu·

60 384 179 430 duit:
210 398 348 445 quare
371 381 505 429 etiam
532 380 660 428 diffis
689 380 987 443 popularibus
1020 381 1080 425 est
1114 380 1347 429 lacessitus.

60 455 247 502 Curiam
285 455 536 501 Romanam
574 453 673 515 post
708 465 906 515 quatuor
941 451 1203 513 provincias
1232 469 1349 499 con-

60 527 246 583 sulares,
265 527 373 590 quia
404 525 684 574 consulatum
708 525 861 573 absens
889 525 1098 588 gesserat,
1115 524 1202 585 jam
1223 527 1349 575 dives

60 600 274 663 ingr-effus
299 600 390 656 est3
419 616 520 646 cum
538 615 635 645 eam
662 599 854 647 Senator
883 612 1011 646 antea
1041 617 1136 646 non
1160 600 1352 646 vidisset.

62 672 202 720 Juffus
221 672 283 720 est
302 683 516 734 praeterea
537 661 679 718 statim
699 688 724 718 a
746 671 947 718 Perenne
972 670 1015 717 in
1044 671 1269 735 Liguriam
1290 671 1348 718 se-

62 747 220 794 cedere
247 746 295 792 in
329 747 485 794 villam
515 759 764 809 paternam:
799 763 900 793 nam
931 760 1057 808 pater
1085 745 1182 805 ejus
1208 746 1350 792 taber-

61 838 165 867 nam
188 821 460 868 coffiliciam
486 821 533 867 in
567 820 747 884 Liguria
774 832 1050 885 exercuerat.
1080 821 1151 867 sed
1179 820 1352 884 postea·

61 907 195 953 quam
220 891 265 937 in
291 891 518 955 Liguriam
548 891 699 948 venit,
728 892 880 939 multis
912 891 1027 954 agris
1045 891 1258 946 coemtis,
1287 904 1352 938 ta-

62 965 247 1011 bernam
269 978 525 1027 paternam‚
554 976 761 1011 manente
787 964 932 1012 forma
963 965 1142 1028 priore,
1166 963 1354 1012 infinitis

64 1036 268 1086 aedificiis
297 1038 614 1086 circumdedit:
655 1037 829 1102 fuitque
857 1038 950 1085 illic
976 1056 1052 1102 per
1081 1038 1357 1097 triennium,

67 1112 116 1158 &
135 1123 352 1158 mercatus
374 1111 432 1158 est
452 1127 529 1174 per
549 1110 652 1158 suos
679 1110 850 1159 servos.
873 1112 1044 1161 Occiso
1071 1112 1172 1159 sane
1193 1113 1354 1159 Peren-

65 1183 146 1241 ni,
175 1184 464 1231 Commodus
489 1183 711 1232 Pertinaci
745 1183 975 1241 satisfecit,
1001 1201 1195 1248 eumque
1226 1185 1354 1247 petiit

64 1273 144 1319 per
176 1257 349 1314 literas,
378 1271 428 1305 ut
467 1259 520 1305 ad
541 1258 813 1308 Britanniam
847 1259 1219 1322 proficisceretur.
1246 1275 1352 1322 pro-

67 1329 320 1394 fefihisque,
346 1330 509 1378 milites
531 1333 586 1378 ab
605 1333 733 1379 omni
755 1333 974 1380 seditione
993 1333 1229 1380 deterruit:
1253 1349 1354 1381 cum

64 1402 131 1449 illi
169 1421 486 1468 quemcunque
531 1405 844 1467 imperatorem
879 1405 1046 1452 vellent
1078 1405 1272 1460 habere,
1306 1404 1357 1453 &

65 1475 208 1537 ipsum
238 1476 484 1540 specialiter
512 1480 804 1526 Pertinacem.
830 1480 961 1526 Tunc
987 1479 1197 1525 Pertinax
1224 1477 1356 1524 male-

68 1548 287 1595 volentiae
313 1562 465 1595 notam
493 1550 655 1608 subiit,
678 1551 804 1612 quod
832 1551 974 1598 diGus
1003 1550 1062 1596 est
1092 1548 1357 1597 insimulasse

68 1620 186 1681 apud
218 1621 530 1668 Commodum
559 1621 750 1668 affeEtati
781 1622 956 1684 imperii
977 1622 1214 1669 Antistium
1242 1622 1355 1667 Bur-

69 1710 168 1740 rum
184 1730 199 1751 ,
217 1695 265 1741 &
291 1693 470 1740 Arrium
505 1695 806 1742 Antoninum.
827 1698 881 1742 Et
904 1696 1144 1743 seditiones
1170 1696 1353 1758 quidem

69 1780 232 1815 contra
266 1767 354 1828 ipse
377 1768 652 1830 compescuit
676 1769 721 1816 in
744 1769 992 1816 Britannia:
1023 1786 1182 1816 verum
1200 1769 1358 1832 ingens

69 1840 320 1903 periculum
361 1842 497 1898 adiit,
530 1841 746 1889 seditione
779 1843 968 1906 legionis
992 1859 1119 1904 paene
1151 1844 1356 1901 occisus,

70 1925 190 1960 certe
217 1914 334 1961 inter
351 1915 527 1962 occisos
550 1916 741 1964 reliflus.
768 1934 901 1978 quam
921 1917 1100 1979 quidem
1125 1933 1217 1963 rem
1240 1915 1355 1963 idem

75 1985 283 2034 Pertinax
317 1987 532 2036 acerrime
562 1988 830 2038 vindicavit.
851 1989 1064 2052 Denique
1095 1989 1243 2050 postea
1274 2006 1358 2036 ve·

70 2059 191 2105 niam
218 2059 452 2124 legationis
478 2061 607 2124 petiit
626 2098 640 2119 ,
662 2063 837 2122 dicens,
859 2063 939 2110 fibi
958 2065 1022 2111 ob
1048 2062 1269 2111 defensam
1292 2063 1357 2110 di-

71 2127 304 2191 sciplinam
324 2130 499 2178 infestas
519 2132 603 2179 effe
623 2133 840 2196 legiones,

157 2204 234 2249 IV.
269 2206 472 2267 Accepto
510 2204 778 2264 successore,
817 2207 1134 2254 alimentorum
1172 2205 1214 2253 ei
1250 2222 1356 2254 cura

72 2275 279 2322 mandata
311 2275 394 2325 est:
424 2277 582 2326 deinde
616 2280 868 2327 Proconsul
901 2279 1067 2326 Africae
1109 2279 1246 2325 fastus
1281 2279 1356 2327 est.

73 2350 124 2398 In
144 2365 235 2412 quo
258 2351 575 2412 proconsulatu
599 2353 760 2399 multas
781 2352 1021 2400 seditiones
1047 2350 1269 2414 perpessus
1287 2351 1354 2397 di-

78 2423 194 2471 citur
212 2458 225 2482 ,
248 2423 641 2475 vaticinationibus
660 2443 808 2476 earum
822 2463 836 2488 ,
856 2444 955 2493 quae
979 2427 1032 2476 de
1052 2425 1222 2490 templo
1243 2426 1355 2487 Coe-
