1637 2785
283 155 632 204 MAXIMUS
666 155 758 202 ET
792 153 1178 207 BALBINUS.
1318 167 1377 212 71

85 263 210 329 quafi
225 264 414 312 debilem
433 298 445 320 ‚
463 263 667 310 calcaret.
691 263 848 321 Quare
870 260 1052 308 occasio
1075 257 1292 306 militibus
1308 259 1386 307 da·'¹

85 349 130 384 ta
152 337 242 396 est,
269 336 646 398 intelligentibus,
672 334 802 382 facile
830 334 1059 382 discordes
1085 336 1384 396 Imperatores

86 409 211 472 posse
238 405 444 455 interfici.
475 407 609 454 Ludis
642 406 839 468 denique
875 405 1088 463 scenicis,
1112 423 1211 453 cum
1250 403 1385 452 multi

86 483 136 528 &
156 480 345 538 milites,
370 481 420 528 &
445 478 613 536 aulici,
633 478 847 540 occupati
872 479 1039 536 essent,
1066 481 1114 525 ὅ(
1143 480 1186 523 in
1208 477 1382 535 Palatio

12 615 20 621 θ
84 553 169 600 soli
199 570 301 599 cum
335 552 577 600 Germanis
610 552 839 615 Principes
877 551 1204 608 remansissent,
1241 552 1384 612 impe-

84 640 180 674 tum
206 629 252 674 in
281 644 362 676 eos
382 627 601 676 fecerunt.
623 626 932 674 Turbantibus
961 626 1100 690 igitur
1131 624 1381 679 militibus,

85 716 188 748 cum
221 701 476 748 nuntiatum
504 700 700 763 primum
724 700 831 747 effet
861 699 1091 756 Maximo,
1116 698 1294 744 turbam
1323 696 1383 741 il-

83 774 171 821 lam
196 775 594 840 tempestatemque
626 775 709 821 vix
739 774 870 822 evadi
899 773 1022 837 posse
1038 809 1054 831 ,
1080 771 1162 818 nisi
1187 771 1242 818 ad
1263 772 1384 817 Ger-

84 863 245 894 manos
262 848 539 906 mitteretur,
560 851 608 896 &
630 848 750 896 forte
769 848 816 895 in
836 847 921 895 alia
942 860 1065 910 parte
1087 844 1241 892 Palatii
1262 846 1382 891 Ger-

83 922 204 968 mani
233 938 338 970 cum
361 922 556 969 Balbino
587 922 753 979 effent3
782 923 921 969 mittit
945 922 1000 969 ad
1030 921 1268 967 Balbinum
1289 920 1385 964 Ma-

84 993 267 1053 ximuS,
293 1007 477 1058 petens,
509 1008 558 1042 ut
593 997 633 1042 ei
664 995 915 1058 praesidium
943 996 1154 1042 mitteret.
1186 994 1272 1040 Sed
1306 992 1385 1038 ille

83 1064 356 1128 suspicatus,
388 1069 514 1130 quod
541 1081 701 1115 contra
730 1067 772 1115 se
795 1084 875 1116 eos
909 1079 1106 1131 peteret,
1136 1082 1269 1129 quem
1299 1081 1386 1126 pu-

82 1139 206 1186 tabat
230 1140 540 1187 monarchiam
567 1140 687 1188 velle
701 1176 713 1198 ,
731 1140 925 1203 primum
945 1139 1176 1186 frustratus
1196 1136 1284 1193 est,
1307 1136 1383 1182 de-

83 1212 190 1259 inde
222 1213 363 1277 usque
386 1214 441 1260 ad
469 1214 592 1260 litem
620 1227 894 1275 perventum
924 1213 998 1260 est.
1028 1214 1078 1258 In
1112 1213 1198 1259 hac
1229 1224 1383 1258 tamen

82 1284 304 1334 seditione
338 1285 423 1333 illis
459 1286 869 1345 contendentibus,
907 1286 1073 1333 milites
1103 1285 1383 1348 supervene-

81 1371 190 1404 runt
205 1393 219 1413 ‚
238 1371 372 1423 atque
395 1360 554 1407 ambos
578 1376 657 1406 eos
680 1359 876 1407 nudatos
903 1358 1103 1407 vestibus
1131 1358 1382 1422 regalibus,

83 1433 138 1481 de
165 1434 337 1481 Palatio
368 1452 470 1483 cum
499 1432 678 1496 injuriis
714 1435 1053 1498 produxerunt,
1088 1436 1137 1482 &
1169 1450 1252 1496 per
1283 1448 1383 1478 me·-

83 1507 202 1554 diam
229 1507 462 1556 civitatem
485 1509 539 1555 ad
557 1507 695 1556 castra
724 1521 900 1571 raptare
918 1507 1196 1561 voluerunt,
1219 1521 1383 1568 magna

82 1598 141 1629 ex
162 1595 286 1644 parte
313 1583 518 1630 laniatos.
545 1582 631 1629 Sed
651 1582 727 1629 ubi
755 1582 1384 1645 compererunt,Germanos

83 1655 139 1702 ad
171 1656 476 1704 defensionem
509 1656 695 1703 illorum
726 1655 1044 1719 supervenire,
1068 1654 1230 1701 ambos
1250 1654 1383 1700 occi-

52 1745 56 1749 ·
83 1728 268 1785 derunt,
289 1730 338 1776 ὅ(
364 1728 410 1774 in
442 1728 604 1776 itinere
631 1728 784 1775 medio
810 1730 1103 1791 reliquerunt.
1133 1730 1255 1774 Inter
1282 1728 1380 1774 haec

83 1802 348 1850 Gordianus
381 1802 560 1863 Caesar,
586 1803 784 1850 sublatus
808 1820 832 1850 a
862 1801 1107 1860 militibus,
1127 1804 1384 1863 Imperator

83 1875 146 1923 est
166 1875 442 1938 appellatus,
469 1876 514 1923 id
537 1876 600 1924 est
624 1876 872 1942 Augustus,
894 1875 998 1939 quia
1023 1891 1119 1941 non
1147 1888 1241 1922 erat
1267 1874 1383 1921 alius

82 1949 131 1996 in
164 1949 399 2012 praesenti,
425 1950 741 1998 insultantibus
764 1949 982 1997 militibus
1008 1949 1191 1996 Senatui
1217 1950 1267 1996 &
1291 1964 1383 2010 po-

83 2025 225 2088 pulo,
252 2024 330 2088 qui
362 2025 404 2071 se
434 2024 577 2083 statim
603 2026 650 2073 in
681 2025 819 2074 castra
846 2037 1142 2086 receperunt„
1159 2022 1383 2070 Germani

84 2098 211 2155 sane,
237 2115 293 2144 ne
314 2098 405 2145 {ine
426 2099 559 2146 causa
587 2111 863 2161 pugnarent,
887 2097 1046 2145 occisis
1071 2097 1158 2155 jam
1185 2098 1382 2158 Impera·

83 2171 262 2219 toribus
288 2170 402 2230 suis,
427 2184 549 2219 extra
582 2172 783 2231 Urbem,
813 2170 892 2218 ubi
921 2170 1025 2218 suos
1056 2169 1309 2228 habebant,
1335 2167 1382 2215 se

83 2244 395 2292 contulerunt.

149 2317 257 2364 XV.
295 2317 429 2364 Hunc
461 2315 596 2364 finem
617 2317 873 2365 babuerunt
907 2315 1019 2363 boni
1050 2317 1382 2378 Imperatores,

82 2388 319 2450 indignum
346 2389 453 2434 vitae
481 2390 530 2435 δέ
558 2389 764 2436 moribus
787 2390 903 2437 suis:
927 2406 1027 2435 nam
1054 2404 1202 2452 neque
1231 2388 1380 2435 Maxi-

83 2475 163 2507 mo
191 2460 279 2507 live
303 2460 508 2523 Pupieno
529 2459 721 2524 fortius,
746 2479 890 2527 neque
919 2462 1111 2510 Balbino
1140 2460 1384 2526 benignius

1001 2551 1033 2582 δὲ
1068 2557 1099 2595 4
