1637 2785
225 113 1172 167 ·GoR01AN1TREs
1326 126 1390 178 ῃ

96 225 395 290 Imperatores
419 223 628 288 appellati
663 223 788 282 sunt,
814 225 862 272 &
901 221 1176 269 Maximinus
1210 217 1351 267 hostis
1369 254 1387 279 ,

98 299 241 348 literis
265 311 551 364 propagetur.
573 299 683 345 Non
703 297 937 361 legitimo,
964 297 1036 343 sed
1054 295 1223 342 indieto
1246 295 1387 341 Sena-

99 387 174 422 tus
198 375 270 423 die
288 374 464 422 Consul
479 373 566 437 jam
587 373 711 420 domi
735 385 1017 429 conventus,
1038 388 1140 418 cum
1170 369 1387 418 Praetori-

96 445 182 494 bus
197 481 209 504 ,
232 445 479 504 AEdilibus,
499 447 549 494 &
566 443 784 493 Tribunis
806 442 946 505 plebis
966 442 1094 489 venit
1119 441 1162 487 in
1200 442 1389 491 curiam.

98 516 336 564 Praefectus
372 517 529 576 urbis,
566 515 639 565 cui
671 514 824 563 nescio
861 513 973 578 quid
1012 513 1307 573 redoluerat,
1335 514 1389 562 &

94 587 175 649 qui
212 589 410 650 publicas
435 589 583 636 literas
614 603 709 634 non
739 597 1001 648 acceperat,
1028 603 1051 632 a
1082 598 1318 632 conventu
1344 585 1388 633 se

94 659 318 707 abstinuit.
346 661 431 708 Sed
460 660 661 725 profuit:
689 677 787 706 nam
813 657 982 706 Consul
1009 671 1111 705 ante
1133 658 1282 704 solitas
1314 673 1387 704 ac·

89 732 414 794 clamationes,
437 735 690 799 priusquam
721 734 888 799 aliquid
920 732 964 780 in
991 730 1287 778 Maximinum
1319 729 1389 776 fe-

94 805 244 854 liciter
280 809 502 856 diceretur
524 846 537 866 ,
567 809 658 857 ait:
697 813 844 856 Patres
884 808 1139 868 conscripti,
1173 804 1387 852 Gordiani

94 883 180 926 duo
197 914 211 938 ‚
233 898 356 942 pater
384 881 424 929 6¹
447 884 568 941 filius
585 919 598 936 ,
631 886 754 929 ambo
782 901 836 928 ex
867 883 1115 942 Consulibus
1138 914 1151 938 ,
1177 895 1287 924 unus
1318 896 1386 923 νι-

79 955 167 1020 ster
191 956 446 1016 Proconsiil,
476 960 579 1002 alter
601 958 720 1021 wster
749 959 956 1018 Legamus,
987 971 1140 1016 magno
1174 950 1386 1010 Afrorum

92 1027 266 1092 consilio
290 1033 559 1090 Imperatores
579 1032 683 1089 fitne
704 1034 917 1092 appellati.
942 1029 1119 1075 Gratias
1139 1029 1268 1089 igitur
1282 1042 1385 1088 aga·

94 1120 190 1148 mus
217 1105 484 1165 Tysdritanae
503 1105 745 1163 juventuti,
767 1107 928 1168 gratias
954 1101 1288 1165 Carthaginiensi
1298 1118 1384 1161 po-

86 1181 194 1237 pulo
207 1180 371 1238 semper
391 1182 535 1229 devoto
551 1215 564 1235 ‚
589 1181 662 1240 qui
679 1183 730 1226 ab
750 1182 928 1225 immani
953 1196 1032 1224 nos
1049 1180 1184 1222 bellua
1198 1212 1207 1229 ‚
1232 1178 1284 1221 ab
1305 1176 1384 1221 illa

82 1251 182 1310 fera
202 1256 530 1299 vindicaverunt.
555 1256 679 1315 Quid
704 1256 845 1301 timide
871 1255 1069 1299 auditis?
1086 1254 1189 1314 quid
1209 1253 1385 1297 circum-

81 1326 294 1386 spicitis?
319 1328 421 1386 quid
441 1327 730 1373 cunflamirzi?
754 1330 827 1373 lzoc
850 1328 901 1391 ψ
916 1362 930 1383 ‚
951 1330 1064 1387 quod
1074 1327 1242 1387 fimper
1259 1341 1383 1385 opta-

78 1399 177 1464 stis.
208 1400 353 1463 Hostis
374 1400 427 1463 ‹st
450 1401 753 1446 Maximinus:
787 1403 875 1445 Dii
882 1399 1089 1458 faciam,
1117 1414 1163 1443 ut
1192 1395 1262 1460 effi
1279 1397 1382 1454 jam

91 1471 276 1535 defluat,
311 1471 354 1519 δ’
391 1474 606 1518 Gordiani
625 1473 746 1533 senis
766 1474 1017 1531 felicitatem
1047 1489 1165 1532 atque
1194 1475 1384 1531 prudend

90 1547 195 1590 tiam
210 1579 224 1602 ‚
243 1545 417 1600 juvenis
443 1548 633 1592 virtutem
653 1563 774 1607 atque
799 1547 1071 1611 constantiam
1091 1547 1173 1590 lati
1191 1547 1383 1604 experia-

90 1635 196 1662 mur.
222 1617 327 1663 Post
360 1618 457 1665 haec
484 1619 630 1665 literas
663 1619 769 1682 legit
803 1618 1142 1666 Gordianorum
1164 1653 1178 1676 ‚
1215 1620 1271 1664 ad
1303 1619 1384 1666 Se-

89 1701 247 1735 natum
274 1690 322 1737 &
350 1691 405 1737 ad
427 1690 467 1736 se
491 1691 648 1739 miffas.
669 1691 805 1738 Tunc
826 1691 1039 1739 clamavit
1067 1692 1274 1750 Senatus,
1292 1695 1385 1740 Dii

91 1766 213 1811 vobis
235 1765 409 1825 gratias.
440 1766 622 1812 Liberati
649 1769 702 1812 ab
729 1768 907 1832 hostibus
929 1769 1112 1829 sumus,
1137 1770 1190 1834 si
1211 1774 1382 1829 penitus

89 1840 313 1886 liberemur.
338 1841 636 1886 Maximinum
660 1840 809 1906 hostem
839 1860 980 1888 omnes
996 1842 1258 1899 judicamus.
1279 1847 1380 1891 Μα-

90 1913 307 1958 ximinum
330 1931 420 1959 cum
435 1916 533 1975 filio
557 1917 666 1971 Diis
696 1915 840 1974 inferis
858 1919 1114 1963 devovemus.
1138 1918 1382 1965 Gordianos

91 1986 307 2052 Augustos
340 1993 616 2048 appellamus.
656 1990 901 2035 Gordianos
937 1992 1164 2051 Principes
1191 1993 1383 2053 agnosti-

89 2076 197 2104 mus.
226 2061 494 2120 Imperatores
522 2065 570 2108 de
597 2067 632 2109 S
635 2054 772 2109 enatav
788 2066 877 2109 Dii
903 2065 1168 2124 conservent:
1190 2068 1380 2126 Impera-

89 2146 198 2177 tores
229 2133 388 2179 nobiles
421 2135 591 2181 viffores
624 2138 838 2182 videamus
867 2155 883 2183 :
920 2140 1189 2198 Imperatores
1223 2141 1382 2205 nostros

89 2204 230 2250 Roma
256 2208 410 2255 videat.
430 2210 580 2275 Hostes
605 2212 796 2271 publicos
817 2214 890 2273 qui
919 2213 1109 2258 occiderit
1126 2246 1138 2269 ,
1160 2215 1381 2273 prccmium

88 2279 315 2327 merebitur.

154 2350 256 2396 XII.
278 2349 408 2398 Dicit
424 2351 577 2400 Iunius
599 2355 797 2415 Cordus,
817 2354 933 2402 istud
951 2355 1380 2407 senatusconsultum

88 2418 217 2471 fuiffe
244 2423 460 2475 tacitum:
485 2427 611 2491 quod
633 2427 766 2494 quale
791 2428 871 2492 fit,
895 2442 972 2479 aut
989 2446 1126 2552 qgare
1157 2429 1213 2480 fic
1232 2430 1383 2496 appel-

1094 2520 1127 2564 4
