1637 2785
289 143 708 191 TR1G1NTA
759 143 1155 192 TYRANNr.
1277 154 1368 208 109'

181 315 426 372 VIII.
493 313 629 368 DE
696 313 1263 373 INGENUO.

81 523 161 571 IX.
182 483 384 571 FUSCO
420 522 470 570 δε
501 520 628 568 Baffo
660 519 967 578 Consulibus,
997 537 1099 570 cum
1134 524 1367 574 Gallienus

79 598 195 646 vino
214 600 263 646 δι
283 596 462 660 popinis
489 611 694 653 vacaret,
715 612 910 660 cumque
933 595 975 643 se
996 596 1262 655 lenonibus,
1283 599 1365 645 mi·

78 671 193 729 mis,
217 673 266 720 &
290 669 596 718 meretricibus
629 669 839 726 dederet,
871 665 923 716 ac
952 671 1072 717 bona
1104 684 1271 717 naturae
1291 672 1365 718 Iu-

76 743 220 790 -xuriae
238 741 582 790 continuatione
596 741 879 803 deperderet,
896 743 1119 804 Ingenuus
1134 778 1146 799 ,
1162 743 1238 805 qui
1256 745 1367 795 Pan÷

80 816 242 863 nonias
266 828 373 863 tunc
403 816 604 879 regebat,
626 832 650 862 a
678 815 906 862 Moesiacis
936 816 1190 879 legionibus
1214 819 1365 880 Impe-

79 902 205 937 rator
232 889 293 936 est
324 889 493 947 dictus,
514 889 674 937 ceteris
703 888 1035 936 Pannoniarum
1068 890 1362 939 volentibus:

79 979 226 1026 neque
262 963 306 1009 in
344 979 572 1026 quoquam
610 963 770 1011 melius
812 962 1066 1027 consultum
1107 963 1366 1026 reipublicae

79 1054 104 1084 a
131 1036 345 1083 militibus
365 1037 619 1095 videbatur,
641 1053 770 1100 quam
801 1037 924 1099 quod
942 1073 957 1094 ,
973 1036 1238 1084 instantibus
1260 1040 1365 1084 Sar-

80 1109 229 1169 matis,
248 1124 418 1158 creatus
437 1110 498 1157 est
517 1113 791 1174 Imperator,
810 1110 885 1173 qui
911 1108 1024 1156 feflis
1048 1109 1180 1156 rebus
1199 1110 1367 1159 mederi

77 1183 151 1230 sua
178 1185 346 1230 virtute
377 1182 602 1245 potuisset.
636 1183 776 1230 Causa
809 1198 956 1230 autem
994 1182 1076 1245 ipsi
1120 1182 1363 1247 arripiendi

76 1270 186 1304 tunc
207 1257 384 1319 imperii
403 1257 515 1315 fixit,
536 1265 592 1304 ne
622 1256 836 1319 suspec’tus
860 1256 964 1303 effer
983 1258 1366 1319 Imperatoribus‚

78 1331 204 1393 quod
229 1341 321 1376 erat
346 1329 605 1376 fortiffimus
633 1347 684 1376 ac
713 1329 974 1392 reipublicae
1000 1330 1289 1389 neceffarius,
1314 1333 1366 1379 &

77 1400 293 1447 militibus
313 1400 471 1464 (quod
491 1400 756 1462 imperantes
777 1400 1067 1448 vehementer
1091 1399 1273 1464 movet)
1292 1417 1365 1447 ac-

77 1472 360 1535 ceptiffimus.
385 1474 470 1519 Sed
492 1473 753 1529 Gallienus,
773 1487 823 1519 ut
851 1486 944 1519 erat
970 1489 1158 1535 nequam
1186 1475 1234 1520 δι
1262 1490 1365 1536 per-

77 1545 196 1591 ditus
209 1581 223 1603 ,
240 1545 299 1591 ita
318 1545 450 1591 etiam
467 1581 481 1601 ‚
498 1545 573 1591 ubi
600 1545 827 1592 necessitas
851 1544 1060 1611 coegisset
1073 1579 1085 1602 ‚
1106 1545 1242 1593 velox
1258 1580 1272 1603 ,
1294 1545 1362 1591 fu·

76 1618 321 1676 ribundus,
342 1618 488 1678 ferus,
516 1620 786 1676 vehemens,
815 1619 1010 1666 crudelis
1028 1652 1044 1676 ,
1071 1618 1263 1681 denique
1290 1621 1367 1665 In-

77 1709 272 1755 genuum
290 1727 304 1749 ,
325 1691 538 1739 conflictu
557 1693 710 1739 habito
728 1728 743 1750 ,
764 1692 876 1739 vicit
891 1728 905 1750 ,
938 1708 1088 1756 eoque
1109 1692 1266 1740 occiso
1281 1729 1294 1750 ,
1316 1692 1365 1739 in

78 1782 238 1812 omnes
267 1765 510 1813 Moesiacos
523 1778 645 1822 ‚tam
671 1766 862 1823 milites,
881 1781 1014 1829 quam
1043 1765 1194 1822 cives,
1218 1765 1366 1828 asper-

77 1837 190 1885 rime
215 1839 383 1885 saeviit:
407 1855 492 1885 nec
514 1855 780 1903 quemquam
800 1839 888 1885 suae
911 1838 1187 1888 crudelitatis
1211 1839 1367 1886 exsor-

75 1925 168 1960 tem
200 1912 405 1976 reliquit,
428 1912 566 1976 usque
595 1915 709 1960 adeo
747 1913 871 1976 asper
904 1916 953 1962 &
985 1914 1290 1972 truculentus,
1315 1926 1365 1961 ut

58 1982 309 2050 ‘plerasque
330 1986 533 2035 civitates
558 2004 720 2035 vacuas
741 2004 766 2034 a
797 1988 917 2034 virili
941 1988 1046 2034 sexu
1075 1988 1363 2052 relinqueret.

77 2062 235 2106 Fertur
268 2060 368 2107 sane
399 2060 515 2108 idem
553 2064 773 2124 Ingenuus
809 2060 992 2107 civitate
1027 2073 1156 2122 capta
1189 2059 1365 2106 intrafi'e

76 2132 290 2189 domum,
314 2132 360 2178 in
381 2150 469 2196 qua
488 2133 528 2180 se
548 2134 745 2197 pugione
767 2132 1033 2188 transfodit;
1059 2145 1192 2194 atque
1215 2133 1276 2179 ita
1296 2131 1364 2178 vi-

77 2219 169 2252 tam
196 2204 366 2266 finiffe,
395 2224 450 2260 ne
475 2208 520 2253 in
551 2207 738 2271 tyranni
768 2207 958 2255 crudelis
990 2205 1250 2269 potestatem
1282 2221 1366 2252 ve-
1424 2258 1429 2265 ,

78 2280 211 2328 niret.
229 2281 381 2328 Exstat
402 2282 503 2329 sane
534 2283 718 2345 epistola
747 2282 971 2341 Gallieni,
994 2297 1128 2344 quam
1153 2282 1209 2327 ad
1231 2280 1364 2327 Cele-

76 2368 172 2399 rem
198 2353 437 2400 Verianum
465 2353 663 2416 scripsit,
686 2372 771 2418 qua
805 2353 900 2416 ejus
934 2353 1137 2400 nimietas
1166 2351 1364 2399 crudeli-

77 2425 182 2474 tatis
216 2426 488 2475 ostenditur:
518 2444 648 2494 quam
687 2445 773 2494 ego
805 2427 978 2478 idcirco
1010 2424 1284 2490 interposui,
1311 2436 1363 2473 ut
