1714 2807
355 159 417 191 20
560 141 1422 189 AELIISPARTIANI

350 249 599 315 potiretur:
631 247 662 295 fi
691 247 787 312 quis
816 247 862 294 in
889 246 1057 305 alieno,
1076 247 1264 295 domino
1284 248 1430 296 daret:
1465 247 1495 294 fi
1522 248 1626 311 quis

347 325 396 374 in
434 323 645 386 public0‚
686 339 787 371 cum
820 320 927 369 fisco
972 321 1200 384 aequaliter
1245 323 1496 384 partiretur.
1527 324 1625 369 Ser-

346 415 436 446 vos
456 414 480 444 a
502 394 698 444 dominis
726 394 876 442 occidi
908 394 1080 449 vetuit,
1098 394 1261 457 eosque
1286 394 1401 454 juffit
1426 394 1626 442 damnari

348 488 429 536 per
459 470 652 533 judices,
673 469 704 514 si
734 467 858 531 digni
886 466 1037 514 essent.
1063 468 1238 514 Lenoni
1265 469 1314 515 &
1343 467 1508 513 lanistae
1539 466 1627 514 ser-

344 561 460 591 vum
481 542 556 589 vel
574 540 781 587 ancillam
799 538 939 585 vendi
958 538 1131 597 vetuit,
1148 539 1272 586 causa
1304 555 1400 586 non
1422 539 1626 600 praestita.

343 614 626 665 Decoftores
658 611 886 657 bonorum
924 608 1132 662 suorum,
1169 609 1202 654 fi
1239 609 1324 655 suae
1352 610 1626 660 auctoritatis

343 690 505 744 essent,
526 684 801 735 catamidiari
827 685 873 731 in
897 683 1245 746 Amphitheatro
1274 684 1324 730 δε
1354 683 1518 731 dimitti
1538 683 1626 746 jus-

343 765 411 813 sit.
438 758 661 823 Ergastula
679 757 915 804 servorum
935 757 984 803 &
1005 756 1270 802 libertorum
1289 754 1406 802 tulit.
1429 757 1627 803 Lavacra

342 852 431 901 pro
451 833 628 880 sexibus
645 829 879 893 separavit.
897 829 940 875 Si
960 828 1173 874 dominus
1191 827 1236 873 in
1256 827 1395 873 domo
1415 826 1626 875 interem-
1658 841 1675 851 ·

341 921 416 956 tus
446 906 578 962 esset,
602 919 698 950 non
727 902 781 948 de
811 901 1023 947 omnibus
1052 899 1191 946 servis
1222 899 1515 961 quaestionem
1549 900 1624 947 ha·

341 981 437 1031 beri
452 1017 466 1041 ‚
483 979 555 1026 sed
581 978 635 1024 de
656 976 758 1035 his,
775 974 853 1039 qui
880 991 959 1037 per
990 973 1269 1023 vicinitatem
1292 986 1500 1037 poterant
1528 974 1624 1022 sen-

341 1055 454 1109 tire,
481 1049 709 1113 praecepit.

406 1126 597 1173 XlX.1n
616 1121 791 1168 Etruria
811 1133 1044 1184 praeturam
1061 1123 1307 1181 Imperator
1320 1119 1420 1182 egit.
1439 1121 1520 1168 Per
1536 1123 1624 1169 La-

339 1198 434 1247 tina
456 1196 624 1258 oppida
652 1195 869 1250 dictator,
889 1195 938 1241 &
969 1191 1199 1249 aedilis‚&
1231 1190 1489 1239 duummvir
1522 1192 1623 1240 fuit.

336 1271 455 1334 apud
473 1268 714 1331 Neapolim
735 1267 1023 1321 demarchus;
1044 1265 1091 1312 iu
1110 1264 1250 1327 patria
1270 1263 1340 1310 sua
1365 1265 1623 1328 quinquen-

337 1342 453 1390 nalis
471 1359 482 1387 :
502 1342 551 1388 &
585 1340 692 1386 item
726 1337 905 1385 Hadriae
931 1335 1302 1399 quinquennalis,
1321 1336 1441 1398 quasi
1471 1336 1517 1382 in
1537 1336 1623 1383 alia

337 1413 479 1478 patria
494 1430 509 1468 ;
525 1414 573 1460 &
591 1410 776 1457 Athenis
800 1411 970 1457 archon
988 1408 1085 1455 fuit.
1107 1411 1156 1454 In
1179 1408 1388 1455 omnibus
1404 1425 1530 1472 paene
1545 1427 1622 1456 ur-

336 1489 469 1537 bibus
491 1488 540 1535 &
561 1484 729 1548 aliquid
751 1481 1017 1539 aedificavit,
1037 1482 1238 1529 &ludos
1263 1481 1413 1528 edidit.
1436 1483 1623 1531 Athenis

336 1562 461 1611 mille
476 1561 669 1608 serarum
690 1556 981 1605 venationem
1002 1556 1046 1603 in
1060 1555 1198 1602 stadio
1217 1554 1433 1602 exhibuit.
1449 1555 1519 1601 Ab
1533 1558 1623 1603 Ur-

335 1638 395 1685 be
418 1651 646 1699 nunquam
670 1631 807 1679 ullum
826 1642 1092 1677 venatorem
1115 1645 1191 1676 aut
1209 1628 1430 1676 scenicum
1454 1645 1621 1677 avoca-

335 1710 422 1756 vit.
443 1709 603 1754 Romae
622 1704 719 1769 post
736 1717 902 1752 ceteras
917 1702 1262 1750 immensissimas
1281 1701 1554 1764 voluptates,
1571 1703 1619 1750 in

332 1783 559 1830 honorem
586 1780 737 1827 socrus
764 1775 1135 1835 suae‚aromatica
1158 1775 1331 1837 populo
1349 1775 1551 1823 donavit.
1569 1775 1619 1822 in

334 1854 563 1902 honorem
577 1850 758 1910 Traiani
777 1849 966 1896 balsama
987 1849 1036 1896 &
1054 1863 1237 1896 crocum
1254 1862 1330 1909 per
1344 1846 1503 1909 gradus
1520 1849 1617 1894 the-

335 1927 422 1976 atri
438 1927 573 1972 fluere
590 1924 707 1985 jussit
722 1941 732 1970 ε
747 1923 920 1970 fabulas
939 1921 1087 1969 omnis
1100 1919 1273 1985 generis
1290 1936 1414 1967 more
1427 1920 1615 1983 antiquo

333 1999 382 2047 in
418 2001 594 2045 theatro
631 1995 780 2044 dedit:
804 1995 1042 2041 histriones
1070 1993 1241 2040 aulicos
1279 1991 1539 2054 publicavit.
1566 1996 1616 2038 ln

334 2072 461 2121 circo
479 2071 638 2117 multas
654 2069 764 2115 feras
777 2101 790 2123 ‚
802 2069 849 2114 ὅ(
865 2066 975 2127 saepe
993 2078 1172 2112 centum
1190 2064 1341 2108 leones
1355 2098 1366 2120 ,
1381 2062 1617 2112 interfecit.

333 2143 554 2191 Militares
569 2140 802 2207 pyrrichas
820 2139 994 2202 populo
1014 2137 1268 2200 frequenter
1286 2135 1508 2182 exhibuit:
1525 2136 1615 2198 gla-

334 2218 535 2264 diatores
550 2216 806 2278 frequenter
822 2212 1048 2276 spectavit.
1060 2212 1174 2258 Cum
1192 2226 1330 2272 opera
1345 2210 1508 2271 ubique
1524 2208 1614 2256 infi-

334 2292 429 2339 nita
459 2290 652 2347 fecisset,
673 2304 898 2351 nunquam
935 2286 1048 2349 ipse,
1078 2285 1157 2331 nist
1190 2285 1234 2330 in
1264 2282 1447 2343 Traiani
1477 2284 1614 2346 patris

333 2364 700 2426 templo,nomen
715 2362 838 2407 suum
859 2360 1040 2422 scripsit.
1056 2360 1215 2405 Roinae
1234 2357 1496 2404 instauravit
1509 2359 1613 2403 Pan·

335 2439 486 2487 theum
500 2474 515 2499 ‚
529 2438 674 2502 septa,
693 2435 911 2485 basilicam
930 2433 1159 2497 Neptuni,
1178 2432 1316 2481 sacras
1333 2432 1447 2479 aedes
1466 2430 1610 2495 pluri-,
