1637 2785
320 147 637 195 SEVERUS
672 147 1109 195 IMPERATOR.
1279 165 1365 211 157

158 254 318 301 XV111.
350 252 573 299 Persarum
607 268 752 316 regem
785 253 1012 316 Abgarum
1044 253 1226 317 subegit.
1252 257 1371 300 Ara-³

93 325 170 373 bas
202 327 247 373 in
277 325 550 372 deditionem
587 325 773 387 accepit.
807 325 1066 373 Adiabenos
1095 327 1139 373 in
1176 327 1369 376 tributa-i

92 398 186 444 rios
218 398 381 460 coegit.
404 397 677 444 Britanniam
710 396 868 461 (quod
897 398 1138 444 maximum
1161 397 1266 458 ejus>
1285 399 1369 444 im·
1391 452 1401 464 Ι

92 471 203 532 perii
230 471 366 551 degus
394 470 489 531 est)
509 486 639 516 muro
659 486 737 532 per
762 470 1050 517 transversam
1071 470 1254 516 insulam
1282 472 1370 523 ‹lu-q

90 544 192 600 fio,
230 555 455 605 utrimque
492 542 546 589 ad
588 540 723 588 finem
763 541 936 588 Oceani
981 542 1204 588 munivit:
1248 543 1369 589 unde

89 617 222 662 etiam
264 615 508 664 Britannici
547 631 716 661 nomen
753 615 940 677 accepit.
973 615 1212 677 Tripolin,
1244 616 1368 662 unde

89 688 309 735 oriundus
332 701 448 745 erat,
473 687 669 735 contusis
693 680 1028 734 bellicbfiffimis
1053 688 1282 750 gentibus,
1303 687 1368 734 se-

88 761 350 809 curiffimarn
379 761 596 808 reddidit:
625 777 677 808 ac
710 760 886 823 populo
916 762 1128 807 Romano
1157 760 1367 807 diurnum

89 834 237 881 oleum
267 836 531 899 gratuitum,
557 836 606 881 &
633 834 1012 881 foecundiflimum
1038 851 1189 896 agrum
1225 835 1368 882 dona-

89 907 172 954 vit.
208 908 327 953 Idem
361 925 481 972 cum¹
502 905 795 968 implacabilis
827 905 995 953 deliciis
1029 905 1141 960 fuit,
1175 918 1270 951 tum
1311 906 1368 953 ad

86 980 316 1043 eligendos
335 980 576 1027 industrios
600 979 800 1042 quosque
822 978 977 1038 judicii
999 978 1241 1040 singularis.
1262 979 1369 1030 Phi-⁴

86 1052 306 1115 Iosophiae
333 1069 383 1099 ac
410 1051 588 1098 dicendi
618 1051 766 1096 studiis
791 1050 889 1096 satis
923 1049 1123 1107 deditus,
1149 1050 1370 1097 dofiirinze.

86 1143 272 1189 quoque
312 1126 442 1172 nimis
479 1124 703 1186 cupidus:
733 1124 958 1170 latronum
996 1122 1162 1186 ubique
1201 1123 1367 1171 hostis:

87 1199 225 1246 vitam
256 1189 372 1245 suam
406 1197 623 1260 privatam
649 1195 964 1259 publicamque
987 1194 1080 1257 ipse
1111 1195 1369 1259 composuit

86 1264 142 1315 ad
164 1268 317 1327 fidem,
336 1269 477 1315 solum
495 1281 644 1314 tamen
666 1266 827 1313 vitium
849 1266 1121 1314 crudelitatis
1140 1267 1372 1317 excusans.

85 1343 160 1389 De
188 1342 276 1390 hoc
304 1344 488 1388 Senatus
512 1340 571 1387 ita
598 1339 846 1401 judicavit,
867 1339 992 1385 illum
1020 1350 1095 1385 aut
1122 1340 1238 1387 nasci
1268 1358 1367 1388 non

86 1413 309 1472 debuiffe,·
331 1425 406 1459 aut
443 1429 536 1460 non
568 1411 711 1466 mori3
743 1410 868 1473 quod
895 1412 944 1456 &
980 1409 1114 1456 nimis
1147 1412 1366 1471 crudelis,

86 1491 136 1537 &
161 1489 291 1536 nimis
318 1488 437 1535 utilis
470 1485 726 1547 reipublicae
765 1484 1005 1532 videretur.
1037 1485 1184 1531 Domi
1213 1502 1365 1534 tamen

85 1559 233 1606 minus
263 1558 539 1620 cautus,qui
568 1574 756 1604 uxorem
773 1557 931 1603 ,Iuliam
954 1555 1167 1602 famosam
1191 1557 1364 1605 adulte-

85 1633 163 1680 riis
205 1632 373 1689 tenuit,
409 1632 538 1678 etiam
576 1630 906 1689 conjurationis
934 1628 1186 1678 consciam.
1215 1631 1364 1690 Idem,-

85 1722 186 1752 cum
216 1705 399 1767 pedibus
423 1720 563 1765 aeger,
598 1702 764 1748 bellum
798 1714 1078 1757 moraretur,
1111 1702 1243 1764 idque
1274 1703 1362 1750 mi-

84 1778 183 1824 lites
217 1777 344 1823 anxie
378 1775 569 1832 ferrent,
593 1773 772 1835 ejusque
803 1772 942 1819 filium
974 1773 1250 1832 Baffianum,
1282 1776 1363 1837 qui

85 1867 172 1897 una
187 1864 303 1907 erat,
324 1849 574 1912 Augustum
599 1847 820 1902 feciffent3
838 1847 939 1893 tolli
958 1847 1028 1905 se,
1055 1859 1185 1910 atque
1213 1848 1258 1894 in
1279 1848 1362 1894 tri-

84 1922 221 1970 bunal
255 1921 359 1969 ferri
395 1921 542 1983 justit,
570 1919 710 1966 adesse
744 1919 902 1966 deinde
931 1936 1089 1967 omnes
1119 1920 1362 1977 tribunos,

85 1994 401 2049 centuriones,
434 1993 594 2050 duces,
626 1992 675 2038 ὃ(
703 1990 940 2048 cohortes,
966 1991 1126 2054 quibus
1158 1992 1362 2038 aufiori-

84 2069 166 2115 bus
196 2068 240 2114 id
271 2067 519 2124 acciderat,
540 2065 623 2111 fissi
658 2064 816 2110 deinde
855 2062 1025 2122 filium,
1053 2065 1130 2127 qui
1170 2062 1362 2127 Augusti

84 2158 252 2189 nomen
283 2151 540 2203 acceperat:
565 2155 757 2200 cumque
793 2138 1086 2185 animadverti
1124 2138 1169 2183 in
1200 2136 1376 2183 omnes'

83 2216 286 2262 auclores
319 2215 418 2261 faffi
436 2248 450 2270 ‚
479 2225 639 2276 praeter
667 2212 836 2267 filium,
867 2211 1068 2272 juberet,
1100 2224 1359 2274 rogaretur-

83 2306 171 2353 que
200 2288 409 2335 omnibus
438 2301 537 2334 ante
568 2286 760 2333 tribunal
794 2286 1045 2347 prostratis,
1068 2298 1201 2345 caput
1221 2300 1358 2330 manu

84 2362 351 2423 contingens
373 2361 454 2415 ait,
479 2363 664 2406 Tandem
682 2360 853 2426 sentitis
883 2374 1006 2419 caput
1026 2360 1244 2417 imperare,
1270 2376 1358 2403 non

77 2438 214 2498 pedes.
239 2432 382 2497 Hujus
408 2433 570 2483 dicium
590 2433 677 2494 est,
697 2449 798 2480 cum
821 2448 921 2480 eum
944 2447 1000 2478 ex
1021 2430 1177 2479 humili
1200 2446 1280 2494 per
1306 2430 1358 2486 li·¹
