1714 2807
301 89 434 125 XXIV

721 305 1154 364 INDEX

570 433 1307 485 EDlTIONUM

307 557 907 628 HISTORIAE
983 561 1574 632 AUGUSTAE

478 692 774 760 SCRI
823 691 1419 760 PTORUM

570 846 871 881 Ave-tlon
909 835 1323 880 FABRICIANO

472 964 542 998 ΕΤ
588 965 653 999 IN
688 965 766 997 111
802 963 1055 998 AETATES
1091 963 1418 998 DIGESTUS.·

644 1298 879 1340 AETASI
936 1299 1255 1346 NATALIS

318 1391 341 1417 a
361 1374 524 1432 principe
547 1376 706 1417 editione
731 1378 996 1418 Mediolanensi
1022 1393 1079 1418 an.
1112 1393 1237 1430 1475,
1258 1393 1320 1432 per
1345 1378 1398 1418 M.
1430 1379 1516 1420 Phil.
1540 1381 1584 1418 de

480 1432 669 1482 Lavagnia
697 1432 882 1484 impreffi,
914 1433 973 1471 cui
1009 1433 1148 1486 praefuit
1174 1435 1402 1484 Bonacmsius
1428 1434 1581 1473 Pisanus.

481 1483 620 1523 Secutae
647 1484 725 1523 sunt
745 1500 827 1524 eam
854 1486 1006 1526 Venetae
1037 1498 1191 1537 quatuor
1213 1501 1270 1526 an.
1303 1486 1423 1536 1480,
1461 1488 1583 1538 1489,

487 1552 589 1590 1490
613 1539 654 1577 &
682 1552 804 1592 1499,
833 1553 987 1591 quarum
1017 1540 1111 1579 binae
1135 1541 1271 1592 priores
1300 1554 1344 1579 ex
1374 1540 1582 1579 Bernardini

480 1591 587 1631 Ritzii
620 1591 879 1640 Novarienfis,
901 1593 994 1632 binae
1019 1593 1229 1646 posteriores
1249 1594 1308 1642 Jo.
1339 1594 1457 1633 Rubei
1491 1595 1587 1632 Ver-

483 1645 645 1684 cellensis
674 1645 827 1685 officinis
858 1647 1035 1699 prodiere.
1068 1647 1246 1700 Quinque
1273 1661 1362 1686 vero
1387 1649 1439 1685 his
1471 1648 1585 1686 colle-

483 1699 664 1738 &ionibus
688 1699 876 1753 scriptores
900 1700 979 1739 hist.
1005 1703 1101 1753 Aug.
1125 1715 1251 1740 omnes
1266 1730 1277 1747 ‚
1299 1715 1370 1740 non
1396 1701 1509 1739 solum
1529 1701 1585 1738 Vl

485 1753 567 1791 diffi
586 1755 743 1792 minores
758 1783 768 1801 ,
791 1754 850 1793 sed
872 1755 912 1793 ὃ(
925 1754 1116 1794 Suetonius
1132 1769 1216 1794 cum
1236 1754 1412 1806 Eutropio
1427 1755 1469 1794 &
1486 1755 1587 1793 Paul-

485 1807 522 1844 lo
545 1805 718 1846 Diacono
741 1807 967 1846 exhibentur.

328 1862 470 1918 (1465)
491 1860 702 1910 scriptorum
732 1860 903 1900 Historiae
938 1861 1110 1914 Augusta:
1137 1861 1286 1915 Sylloge
1316 1863 1472 1914 primurn
1503 1875 1588 1914 pro-

487 1913 587 1952 diiffe
609 1915 808 1953 Mediolani
823 1915 1056 1961 credebatur,
1075 1915 1236 1954 Salmafii
1259 1915 1330 1954 fide
1349 1926 1409 1954 aur
1428 1915 1587 1954 testimo-

489 1969 579 2014 nio,
603 1969 663 2020 qui
694 1970 729 2006 in
752 1969 867 2020 prima
898 1980 982 2008 nota
1007 1969 1053 2006 ad
1078 1969 1256 2020 Spartiani
1279 1969 1527 2014 Hadrianum,
1552 1969 1587 2007 se

492 2022 596 2060 usum
621 2021 689 2060 esse
711 2022 801 2061 dicit
820 2023 1005 2070 editione,
1029 2023 1174 2075 quinque
1192 2023 1250 2060 illa
1273 2024 1306 2061 θ’
1331 2023 1456 2076 viginti
1485 2024 1589 2061 annis

490 2077 598 2128 priori
628 2091 693 2124 ea,
721 2090 830 2128 quam
863 2076 1099 2116 casaubonus
1129 2077 1278 2128 primam
1312 2075 1474 2115 dixiffet:
1505 2090 1588 2114 eam

492 2128 595 2169 fuisse
626 2130 961 2177 Mediolanensem,
986 2130 1257 2168 commodatam
1290 2129 1352 2168 fibi
1382 2145 1403 2168 a
1435 2129 1588 2177 Jurem,

491 2196 643 2235 eamque
657 2198 720 2235 per
733 2185 854 2222 omnia
880 2183 991 2223 ferme
1005 2183 1204 2222 consentire
1220 2197 1302 2220 cum
1322 2182 1464 2222 Codice
1487 2197 1590 2235 prae-

488 2236 699 2276 stantiffimo
725 2237 906 2284 Palatino,
933 2250 1006 2290 quo
1035 2237 1081 2274 ad
1117 2236 1362 2275 emendandos
1401 2237 1468 2275 hos
1504 2236 1589 2275 scri-

494 2303 614 2337 ptores
635 2290 714 2329 usus
730 2291 782 2330 sit.
808 2290 891 2329 Hoc
906 2290 1110 2330 testimonio
1129 2289 1236 2328 fretus
1255 2289 1355 2329 Dan.
1372 2289 1470 2329 Guil.
1490 2290 1589 2328 Mol-

497 2351 584 2383 ierns
611 2347 644 2381 in
682 2345 771 2382 Dm&
797 2347 909 2395 prima
940 2345 983 2383 de
1012 2343 1156 2395 Scriprt.
1187 2344 1234 2382 H.
1260 2343 1307 2382 A.
1343 2357 1434 2395 quae
1460 2342 1510 2382 est
1541 2344 1586 2381 de

491 2398 680 2444 &martiano
704 2400 837 2439 Altorf.
870 2397 985 2451 1687,
1007 2412 1043 2451 p.
1069 2410 1110 2453 ις
1137 2399 1291 2449 primam
1313 2397 1508 2437 editionem
1534 2397 1588 2436 as-
