1714 2807
300 159 395 196 ‘122
495 149 927 197 TREBELLH
979 149 1429 202 POLLIONIS

230 316 245 325 θ
302 257 495 315 Pisone,
515 257 800 305 nobilissimae
822 269 932 305 tunc
953 258 1004 306 &
1034 255 1281 306 consularis
1316 260 1496 309 familiae
1523 261 1595 311 vi-'

302 347 358 377 ro
374 366 387 386 ‚
413 329 606 378 interfici
629 330 858 394 praecepit.
886 331 1054 378 Valens
1076 332 1406 396 diligentifiime
1426 320 1595 384 cavens

254 428 256 430 ’
300 407 352 454 &
394 403 679 467 providens,
718 420 867 468 neque
902 404 1032 452 aliter
1079 404 1160 451 fibi
1205 406 1328 467 poss'e
1365 406 1593 456 subveniri

299 479 584 539 existimans,
612 479 762 528 sumfit
788 480 1059 545 imperium,
1083 481 1134 530 δι
1161 479 1294 529 brevi
1325 498 1351 530 a
1379 482 1596 531 militibus

299 552 560 601 interemtus
597 551 675 602 est.

416 702 650 775 XIX.
719 703 856 759 DE
923 704 1480 773 VALENTE

605 835 1314 899 SUPERIORE

300 1031 410 1079 XX.
445 989 609 1079 Furr
643 1032 694 1080 &
722 1030 892 1079 Valens
924 1030 1155 1093 superior:
1179 1032 1231 1080 &
1258 1031 1372 1078 bene
1398 1029 1527 1081 venit
1545 1030 1595 1089 in

299 1118 495 1151 mentem
510 1141 525 1162 ‚
552 1117 602 1152 ut
619 1140 634 1161 ,
659 1121 762 1160 cum
783 1105 837 1152 de
856 1105 949 1153 hoc
977 1104 1168 1152 Valente
1183 1103 1413 1168 loquimur
1428 1140 1442 1163 ,
1463 1104 1596 1152 etiam

299 1178 354 1224 de
384 1178 466 1225 illo
483 1178 675 1226 Valente
690 1210 709 1234 ‚
727 1178 805 1243 qui
827 1178 1110 1240 superiorum
1131 1178 1391 1242 Principum
1413 1191 1597 1241 tempo-

298 1251 421 1300 ribus
448 1252 710 1299 interemtus
735 1251 830 1308 est,
861 1251 1030 1314 aliquid
1062 1251 1280 1299 dicamus.
1310 1252 1426 1298 Nam
1461 1251 1596 1313 hujus

302 1323 536 1380 Valentis,
564 1323 643 1385 qui
683 1323 765 1370 sub
793 1322 1008 1370 Gallieno
1040 1322 1307 1385 imperavit,
1341 1324 1595 1372 avunculus

296 1412 485 1457 magnus
514 1394 639 1443 fuisse
672 1395 949 1458 perhibetur.
978 1395 1072 1442 Alii
1102 1402 1275 1443 tantum
1309 1395 1592 1444 avunculum

298 1469 471 1516 dicunt,
500 1468 680 1531 sed'par
709 1469 756 1515 in
792 1468 1014 1515 ambobus
1051 1467 1135 1515 fuit
1173 1467 1372 1516 fortuna.
1406 1485 1507 1515 nam
1542 1468 1595 1516 &

297 1540 401 1599 ille,
429 1557 533 1588 cum
559 1540 714 1606 paucis
746 1541 902 1590 diebus
930 1540 1122 1606 Illyrico
1147 1540 1398 1605 imperasset
1417 1576 1432 1601 ,
1465 1540 1595 1590 occi-

300 1611 476 1666 susest.

494 1766 664 1822 XX.
732 1764 870 1819 DE
938 1759 1396 1821 PISONE.

298 1956 428 2005 XXI.
466 1919 636 2005 HIC
669 1975 692 2003 ει
726 1956 966 2005 Macriano
1011 1955 1066 2003 ad
1097 1950 1463 2003 interficiendum
1503 1957 1596 2003 Va-

296 2030 463 2077 lentem
492 2029 642 2076 miffus
662 2065 676 2087 ‚
709 2028 787 2076 ubi
815 2045 918 2075 eum
947 2027 1194 2091 providum
1224 2026 1482 2074 futurorum
1511 2027 1596 2074 im-

298 2119 454 2165 perare
485 2102 736 2166 cognovit.
757 2101 1024 2149 Thessaliam
1044 2100 1262 2149 conceffit
1276 2136 1290 2161 ,
1311 2115 1445 2165 atque
1474 2100 1599 2156 illic,

297 2175 452 2238 paucis
471 2175 553 2222 fibi
573 2174 959 2223 consentientibus
973 2210 987 2233 ‚
1007 2173 1157 2222 sumfit
1173 2174 1411 2238 imperium
1424 2209 1438 2231 ‚
1465 2175 1598 2235 Thes:-

290 2251 530 2311 salicusque
564 2248 844 2314 appellatus,
877 2249 1141 2296 interemtus
1176 2249 1269 2306 e'st3
1302 2249 1377 2295 vir
1413 2247 1595 2295 summae

300 2321 542 2369 sanciitatis
559 2357 574 2379 ‚
605 2323 655 2370 δι
679 2320 959 2382 temporibus
982 2321 1066 2370 suis
1090 2323 1221 2386 Frugi
1252 2321 1420 2378 dietus,
1445 2322 1494 2367 δι
1516 2320 1595 2383 qui

300 2411 359 2442 ex
388 2395 464 2442 illa
491 2394 705 2442 Pisonum
731 2394 894 2442 familia
919 2395 1081 2443 ducere
1098 2395 1321 2459 originem
1342 2391 1595 2451 diceretur,

298 2465 372 2516 cui
402 2464 473 2528 se,
504 2466 778 2516 nobilitandi
814 2466 968 2527 causa,
995 2466 1164 2516 Cicero
1200 2466 1469 2516 sociaverat.
1505 2465 1595 2514 Hic
