1637 2785
316 123 1125 172 MAX1M1N1DUO.
1295 139 1345 170 11

80 227 321 291 placuerat,
335 241 384 275 ut
405 227 621 276 contrarii
642 245 741 275 cum
758 244 813 274 eo
837 229 1087 288 transirent,
1105 244 1222 291 pons
1236 228 1354 291 post·

79 318 130 348 ea
162 302 435 359 solveretur,
461 301 536 348 ille
559 302 605 347 in
630 301 860 347 barbarico
889 301 986 347 solo
1016 302 1358 348 circumventus

80 374 372 431 occideretur,
385 373 618 435 imperium
633 374 820 436 Magnus
833 373 1056 433 arriperet.
1068 373 1182 419 Nam
1202 372 1358 419 omnia

80 448 196 494 bella
221 458 416 510 coeperat
445 463 605 511 agere,
634 448 683 495 &
712 447 892 509 quidem
925 445 1186 504 fortissime,
1215 447 1360 493 statim

81 535 130 567 ut
163 521 300 568 fac'tus
333 523 578 583 Imperator
599 556 613 578 ‚
645 520 811 583 peritus
842 531 1003 581 utpote
1034 519 1099 565 rei
1129 519 1359 574 militaris,

84 594 244 641 volens
265 593 639 641 existimationem
658 594 711 640 de
735 592 777 638 se
798 592 995 639 habitam
1019 604 1193 649 tenere,
1214 594 1261 641 δε
1282 608 1363 637 an-

82 679 125 712 te
155 683 338 726 omnes,
364 667 608 715 Alexandri
639 667 856 730 gloriam,
890 682 1023 728 quem
1055 665 1147 726 ipse
1181 663 1362 711 occide-

83 752 185 796 rat,
211 739 411 787 vincere.
448 755 584 803 quare
622 741 872 799 Imperator
899 737 1030 784 etiam
1063 738 1109 782 in
1143 736 1364 782 exercitio

84 811 287 874 quotidie
320 811 481 858 milites
517 810 767 858 detinebat:
798 822 981 872 eratque
1022 808 1069 855 in
1107 808 1239 855 armis
1272 807 1366 870 ipse

85 904 269 950 magnus
291 888 536 945 exercitui,
560 889 609 935 &
632 903 826 947 corpore
850 885 991 932 multa
1014 865 1189 946 ‘semper
1216 882 1368 930 osten-

86 959 208 1007 dens.
241 963 295 1007 Et
327 961 452 1008 istam
481 961 659 1024 quidem
691 960 932 1007 fwffionem
965 958 1241 1004 Maximinus
1274 956 1367 1019 ipse

87 1031 229 1079 finiffe
251 1034 506 1096 perhibetur
522 1070 536 1091 ,
555 1047 605 1082 ut
625 1034 854 1081 materiam
875 1031 1150 1080 crudelitatis
1175 1042 1368 1095 augeret.

87 1106 304 1169 Denique
333 1107 423 1153 fine
450 1106 650 1167 judicio,
679 1107 770 1152 fine
797 1104 1108 1162 accusatione,
1134 1103 1225 1150 fine
1255 1103 1368 1149 dela·

89 1192 216 1236 tore,
233 1180 323 1226 fine
341 1179 594 1227 defensione
614 1196 772 1227 omnes
790 1179 1037 1234 interemit,
1059 1177 1264 1224 omnium
1286 1178 1368 1223 bo-

89 1267 148 1296 na
176 1250 373 1308 sustulit,
394 1253 471 1310 &,
489 1253 584 1315 plus
610 1268 804 1314 quatuor
823 1252 1017 1299 millibus
1035 1249 1270 1297 hominum
1291 1266 1371 1297 oc-

90 1323 211 1380 cifis,
236 1324 277 1370 se
299 1325 452 1372 satiare
475 1343 569 1373 non
595 1324 761 1388 potuit.

154 1398 237 1444 XI.
262 1399 358 1446 Fuit
387 1400 519 1446 etiam
548 1399 626 1446 sub
657 1399 818 1446 eodem
846 1396 1005 1456 faetio,
1027 1394 1372 1446 desciscentibus

90 1470 325 1535 sagittariis
354 1473 602 1521 Osdroenis
626 1473 681 1519 ab
708 1473 867 1520 eodem
885 1508 898 1528 ‚
921 1472 982 1519 ob
1010 1488 1210 1518 amorem
1237 1470 1375 1516 Alex·

90 1545 218 1591 andri
244 1547 293 1593 &
327 1546 618 1604 desiderium,
642 1562 777 1608 quem
806 1561 831 1590 a
857 1542 1116 1590 Maximino
1146 1542 1262 1604 apud
1293 1556 1374 1587 eos

95 1616 409 1664 occisum-effe
440 1618 697 1675 constabat,
727 1633 810 1663 nec
852 1616 972 1662 aliud
1006 1613 1254 1678 persuaderi
1289 1628 1378 1674 po-

96 1702 252 1737 tuerat.
282 1691 473 1753 denique
503 1690 633 1738 etiam
658 1689 737 1753 ipsi
770 1690 953 1753 Tycum
983 1704 1038 1734 ex
1070 1685 1157 1733 suis
1188 1683 1267 1731 fibi
1296 1684 1379 1730 du·-

98 1780 194 1811 cem
224 1775 358 1826 atque
386 1766 706 1826 Imperatorem
741 1762 971 1817 fecerunt,
998 1776 1132 1823 quem
1161 1757 1379 1804 Maximi-

98 1852 184 1883 nus
202 1837 431 1899 privatum
458 1836 545 1897 jam
564 1835 809 1883 dimiserat:
830 1851 961 1898 quem
987 1833 1168 1896 quidem
1194 1832 1242 1877 &
1271 1845 1379 1891 pur-

98 1925 210 1969 pura
237 1908 650 1965 circumdederunt‚
671 1907 884 1970 regioque
905 1916 1113 1969 apparatu
1132 1915 1378 1959 ornarunt,

100 1983 150 2028 &
169 1982 289 2043 quasi
309 1981 372 2028 sui
395 1982 554 2028 milites
577 1981 882 2043 obsepserunt.
903 1978 1168 2027 &invitum
1187 1974 1381 2039 quidem.

101 2053 174 2099 sed
202 2053 275 2101 hic
301 2054 463 2117 Tycus
484 2054 712 2101 dormiens
740 2052 865 2100 domi
884 2051 972 2098 suae
993 2051 1048 2098 ab
1071 2066 1164 2097 uno
1191 2067 1247 2096 ex
1268 2048 1379 2094 ami-

101 2126 164 2173 cis
200 2125 283 2173 suis
319 2125 574 2174 interfe&tts
602 2126 693 2183 est,
728 2126 805 2189 qui
838 2125 916 2172 fibi
952 2124 1097 2171 doluit
1132 2123 1258 2169 illum
1296 2121 1381 2168 effe

101 2197 414 2261 praepositum,
443 2197 720 2245 Macedonio
748 2196 961 2255 nomine,
990 2196 1068 2257 qui
1098 2211 1200 2241 eum
1231 2193 1383 2239 Maxi-

100 2271 228 2318 mino
256 2270 477 2332 prodidit,
504 2270 672 2334 quique
700 2281 837 2332 caput
859 2268 952 2329 ejus
980 2268 1035 2314 ad
1063 2266 1383 2328 Imperatorem

101 2341 272 2397 detulit.
291 2341 373 2387 Sed
394 2341 665 2388 Maximinus
686 2341 833 2402 primo
855 2340 895 2386 ei
914 2338 1072 2402 gratias
1092 2337 1180 2400 egit
1197 2372 1210 2392 ‚
1229 2335 1382 2398 postea

104 2427 250 2465 tamen
264 2451 278 2475 ,
300 2428 347 2464 ut
365 2415 642 2480 proditorem
656 2450 672 2476 ,
691 2414 802 2464 odio
818 2412 974 2466 habuit
988 2448 1004 2474 ,
1026 2413 1076 2461 &
1095 2410 1282 2460 occidit.
1303 2408 1384 2456 His
