1714 2807
365 167 424 217 30
565 150 792 196 AELII
858 147 1436 195 SPARTlANl

360 261 548 323 pellatus
564 260 623 306 est
639 294 652 317 ,
673 276 804 323 quem
819 258 893 304 fibi
911 256 1182 312 Hadrianus,
1198 272 1299 303 aevo
1317 253 1629 318 ingravescen-

359 347 403 381 te
428 331 881 381 morbistristioribus
912 329 1100 391 pressus,
1131 341 1361 391 peragrato
1399 326 1483 386 jam
1520 325 1630 371 orbe

356 417 599 460 terrarum,
616 401 875 465 adoptavit,
897 399 1007 446 nihil
1028 398 1159 446 habet
1178 398 1222 445 in
1243 399 1315 444 sua
1345 397 1435 444 vita
1459 413 1629 444 memo·

357 476 524 533 rabile‚
547 476 624 521 nifi
656 475 783 536 quod
811 473 977 535 primus
1002 484 1170 518 tantum
1198 473 1330 533 Caeslzr
1355 470 1415 517 est
1441 469 1631 532 appella⁶

356 565 448 598 tus:
464 565 557 595 non
574 548 837 593 testamento
851 581 865 604 ,
884 558 931 592 ut
946 558 1071 592 antea
1084 545 1250 591 solebat
1268 581 1280 602 ,
1296 560 1441 606 neque
1455 559 1510 589 eo
1528 558 1630 588 mo-

354 624 416 672 do
429 660 443 681 ,
463 639 556 685 quo
573 621 791 680 Traianus
810 621 869 666 est
888 619 1124 680 adoptatus
1139 654 1152 676 ,
1174 619 1243 665 sed
1263 635 1319 664 eo
1338 633 1480 682 prope
1499 632 1631 679 gene-

352 713 428 753 re,
451 713 544 758 quo
568 693 728 740 nostris
749 691 1026 753 temporibus
1045 709 1069 736 a
1095 690 1235 736 vestra
1257 689 1505 736 Clementia
1525 689 1629 735 Ma-

351 768 573 816 ximianus
590 779 723 829 atque
736 764 1025 811 Constantius
1038 763 1229 811 Caesares
1247 762 1350 809 dieti
1370 762 1467 809 sunt
1480 760 1627 822 ‚quasi

350 841 534 903 quidam
557 838 813 901 Principum
842 835 923 883 filii
946 837 1059 895 viri,
1085 835 1295 898 designati
1318 835 1507 898 augustae
1531 829 1626 878 ma·

350 912 511 973 jestatis
533 910 730 959 heredes.
749 912 802 957 Et
826 909 1040 973 quoniam
1060 909 1111 956 de
1132 907 1353 955 Caesarum
1378 907 1562 954 nomine
1581 906 1627 952 in

349 987 480 1046 hujus
507 986 730 1048 praecipue
772 985 864 1031 vita
894 985 953 1029 est
982 984 1151 1044 aliquid
1184 981 1521 1044 disputandum,
1550 980 1626 1041 qui

350 1058 443 1105 hoc
463 1058 603 1104 solum
624 1071 790 1102 nomen
811 1055 1016 1117 indeptus
1035 1053 1095 1099 est
1111 1070 1124 1108 ;
1143 1053 1362 1100 Caesarem
1384 1052 1456 1098 vel
1476 1051 1528 1098 ab
1543 1054 1628 1096 ele-

349 1134 521 1194 phanto
557 1129 667 1194 (qui
703 1130 853 1192 lingua
893 1131 1153 1174 Maurorum
1188 1129 1311 1188 caesar
1346 1123 1553 1188 dicitur),
1582 1123 1626 1170 in

347 1204 519 1268 proelio
541 1202 674 1259 caes0‚
691 1218 812 1259 eum,
833 1202 911 1264 qui
932 1201 1096 1262 primus
1115 1200 1171 1247 fic
1187 1199 1428 1261 appellatus
1448 1198 1524 1255 est,
1546 1198 1628 1249 do*-

348 1278 518 1325 &iffimi
538 1279 588 1324 &
606 1275 883 1322 eruditiffimi
905 1275 989 1322 viri
1020 1286 1177 1337 putant
1202 1273 1363 1319 dietum
1383 1289 1396 1328 ;
1420 1273 1492 1317 vel
1521 1270 1625 1333 quia

346 1368 527 1399 mortua
548 1363 708 1408 matre,
730 1363 888 1397 ventre
910 1350 1024 1397 cceso
1047 1350 1093 1395 fit
1113 1362 1267 1402 natus3
1288 1348 1360 1395 vel
1380 1348 1501 1410 quod
1524 1363 1623 1392 cum

347 1423 520 1487 magnis
545 1422 740 1470 crinibus
767 1422 817 1468 s1t
841 1435 971 1469 utero
990 1421 1182 1485 parentis
1204 1420 1384 1474 effusus;
1407 1421 1480 1466 vel
1499 1419 1623 1481 quod

348 1496 494 1544 oculis
534 1495 699 1552 caesiis,
723 1497 772 1542 &
800 1495 1182 1542 ultraffiumanum
1215 1510 1383 1539 morem
1418 1491 1624 1555 viguerit.

349 1569 512 1626 Certe,
543 1584 824 1632 quaecunque
852 1568 952 1626 illa,
979 1567 1085 1613 felix
1117 1567 1342 1613 neceffitas
1371 1565 1482 1622 fuit,
1504 1567 1623 1612 unde

345 1655 437 1688 tam
467 1641 634 1688 clarum
652 1677 664 1698 ‚
686 1642 734 1688 &
760 1642 1016 1688 duraturum
1040 1657 1138 1687 cum
1169 1642 1413 1687 aeternitate
1442 1640 1622 1697 mundi,

344 1731 517 1761 nomen
545 1714 752 1761 effloruit,
781 1715 866 1761 Hic
891 1731 1024 1777 ergo,
1045 1716 1099 1760 de
1125 1730 1219 1777 quo
1245 1714 1386 1760 sermo
1417 1713 1500 1768 est,
1530 1712 1623 1774 pri·

346 1804 469 1835 mum
492 1787 658 1833 Lucius
688 1788 897 1834 Aurelius
919 1790 1061 1834 Verus
1084 1788 1143 1834 est
1167 1788 1331 1847 ditius,
1353 1786 1424 1833 sed
1449 1787 1503 1834 ab
1532 1788 1623 1832 Ha-

349 1860 508 1906 driano
537 1859 751 1917 adscitus,
773 1859 818 1905 in
851 1860 1071 1907 AEliorum
1093 1861 1300 1907 familiam
1317 1898 1330 1917 ‚
1358 1862 1447 1907 hoc
1472 1860 1555 1914 est,
1575 1859 1621 1906 in

344 1933 559 1980 Hadriani
580 1934 907 1993 transferimus,
927 1936 977 1982 &
995 1935 1237 1996 appellatus
1251 1935 1310 1980 est
1330 1933 1486 1980 Caesar.
1505 1933 1622 1982 Huic

347 2019 475 2068 pater
496 2004 715 2065 Ceionius
741 2007 1022 2053 Commodus
1042 2007 1149 2064 fuit,
1171 2024 1304 2070 quem
1329 2007 1404 2054 alii
1422 2010 1591 2054 Verum
1606 2041 1621 2065 ,

347 2078 423 2125 alii
442 2078 626 2126 Lucium
648 2080 876 2126 Aurelium
891 2117 905 2137 ,
922 2081 1051 2127 multi
1076 2082 1272 2128 Annium
1297 2081 1621 2143 prodiderunt:

347 2149 541 2211 majores
562 2167 719 2198 omnes
741 2153 1022 2200 nobiliffimi:
1042 2170 1232 2216 quorum
1259 2154 1392 2217 origo
1415 2154 1621 2217 pleraque

349 2239 407 2270 ex
435 2222 609 2269 Etruria
638 2223 749 2282 fuit,
773 2225 844 2271 vel
865 2241 919 2271 ex
945 2225 1171 2274 Faventia.
1193 2229 1246 2272 Et
1275 2227 1328 2273 cle
1361 2225 1488 2288 hujus
1516 2227 1620 2289 qui-

302 2341 306 2345 Δ
348 2297 449 2343 dem
479 2296 645 2343 familia
677 2297 848 2359 plenius
882 2299 929 2345 in
959 2299 1049 2346 vita
1081 2299 1207 2345 Lucii
1237 2299 1406 2346 Aurelii
1439 2299 1620 2361 Cejonii

349 2371 599 2417 Commodi
632 2371 739 2418 Veri
769 2372 1016 2432 Antonini,
1037 2372 1116 2419 filii
1147 2372 1350 2433 hujusce,
1379 2389 1511 2436 quem
1539 2373 1619 2420 fibi

346 2444 558 2509 adoptare
583 2444 839 2507 Antoninus
861 2445 994 2509 juffus
1021 2446 1107 2508 est,
1134 2446 1402 2498 differemus·
1429 2445 1466 2495 is
1498 2446 1617 2496 enim
