1714 2807
1288 0 1314 25 δ

329 152 418 200 128
529 150 968 197 TREBELLII
1015 150 1458 200 POLLIONIS

275 294 279 295 ν
324 259 383 307 ris
409 258 488 305 fibi
517 258 678 305 ducem
701 258 1030 323 quaerentibusb:
1071 275 1203 322 quem
1233 276 1336 307 cum
1366 259 1440 306 alii
1470 259 1619 308 archi-

327 332 514 391 piratam
543 329 804 386 vocaffent,
829 329 922 390 ipse
945 329 984 375 se
1017 331 1337 391 Imperatorem
1360 331 1620 393 appellavit.

326 406 560 450 Monetam
590 401 719 449 etiam
755 402 858 448 cudi
893 401 1026 462 jussit.
1055 402 1270 449 Palatium
1294 403 1340 449 in
1370 420 1473 451 arce
1500 403 1618 451 Isau-

326 479 404 524 riae
431 476 690 524 constituit:
719 477 797 539 qui
824 474 1006 538 quidem
1029 492 1130 523 cum
1159 474 1264 521 sein
1293 476 1448 523 intima
1470 477 1519 524 &
1542 492 1617 523 tu-

324 566 368 598 ta
397 550 645 597 Isaurorum
673 550 800 605 loca,
821 550 1019 596 munitus
1040 549 1376 597 difficultatibus
1406 552 1619 602 locorum

325 626 375 670 δι
408 622 638 669 montibus
673 621 954 676 contulisset,
983 620 1258 684 aliquamdiu
1292 623 1412 684 apud
1450 623 1619 670 Cilicas

325 694 584 757 imperavit.
601 695 683 740 Sed
704 711 780 756 per
796 694 991 740 Gallieni
1011 695 1167 740 ducem
1185 694 1513 752 Camsisoleum,
1536 711 1618 741 na-

324 767 454 815 tione
483 766 774 831 AEgyptium,
799 765 978 812 fratrem
1014 765 1279 824 Theodoti,
1303 765 1381 829 qui
1415 765 1619 813 AEmilia-

325 858 435 888 num
469 854 672 902 ceperat,
699 840 754 886 ad
788 856 996 903 campum
1029 840 1263 895 deducitis,
1298 840 1440 887 viclus
1475 838 1537 886 est
1567 840 1619 887 &

325 913 516 962 occisus.
534 915 692 975 Neque
723 925 872 958 tamen
897 911 1049 974 postea
1078 911 1238 970 Isauri,
1262 912 1454 969 timore,
1484 909 1618 972 neyin

325 1003 407 1035 eos
422 987 654 1033 Gallienus
677 985 877 1041 saeviret‚
901 986 955 1032 ad
979 986 1278 1047 aequalitatem
1304 984 1490 1045 perduci
1511 1001 1622 1047 qua-

326 1061 399 1106 vis
416 1059 677 1120 Principum
703 1058 979 1106 humanitate
1002 1071 1266 1119 potuerunt.
1283 1058 1496 1122 Denique
1515 1056 1618 1120 post

326 1130 668 1177 Trebellianum
699 1145 784 1190 pro
821 1128 1017 1175 barbaris
1048 1129 1297 1185 habentur;
1331 1130 1405 1186 δι,
1437 1145 1542 1177 cum
1570 1127 1619 1174 in

327 1205 481 1252 medio
505 1203 701 1249 Romani
731 1203 930 1248 nominis
959 1203 1057 1250 solo
1088 1203 1215 1265 regio
1246 1219 1406 1250 eorum
1433 1202 1508 1259 fit,
1531 1217 1619 1248 no·-

328 1296 396 1327 vo
417 1293 577 1343 genere
605 1276 936 1333 custodiarum,
962 1277 1081 1340 qnasi
1107 1277 1230 1324 linies
1257 1276 1528 1332 includitur,
1551 1275 1620 1321 lo-

330 1352 395 1399 cis
418 1348 623 1407 defensa,
648 1364 741 1394 non
772 1349 1048 1396 hominibus.
1077 1351 1193 1395 Nam
1222 1365 1316 1394 non
1340 1348 1436 1395 sunt
1456 1348 1620 1394 statura

270 1436 272 1439 ·
327 1422 510 1478 decori,
543 1438 638 1468 non
674 1422 844 1467 virtute
883 1437 1070 1483 graves,
1104 1437 1197 1468 non
1231 1419 1425 1467 instructi
1458 1417 1620 1474 armis,

328 1513 425 1543 non
448 1494 646 1543 consiliis
672 1493 942 1555 prudentes,
968 1491 1039 1538 sed
1066 1493 1156 1538 hoc
1179 1492 1278 1537 solo
1306 1489 1472 1548 secun,
1490 1489 1618 1552 quod

328 1568 375 1616 in
400 1560 530 1615 editis
559 1565 694 1628 positi
725 1565 837 1611 adiri
874 1578 1134 1627 nequeunt:
1166 1579 1282 1626 quos
1314 1561 1494 1625 quidem
1524 1561 1618 1608 Di-

329 1657 417 1687 vus
444 1639 660 1688 Claudius
698 1655 826 1700 paene
854 1639 904 1684 ad
943 1638 1034 1684 hoc
1067 1638 1362 1699 perduxerat,
1397 1650 1446 1681 ut
1480 1650 1505 1680 a
1532 1632 1619 1680 suis

331 1716 530 1762 semotos
556 1715 671 1762 locis
695 1714 740 1759 in
764 1712 925 1761 Cilicia
953 1711 1233 1766 collocaret;
1252 1712 1430 1756 daturus
1455 1707 1534 1754 uni
1562 1723 1619 1753 ex

330 1789 603 1838 amiciffimis
645 1805 828 1834 omnem
876 1786 1127 1832 Isaurorum
1175 1782 1486 1847 possessionem
1507 1816 1522 1841 ,
1563 1796 1619 1829 ne

330 1862 444 1926 quid
469 1879 524 1910 ex
552 1879 603 1909 ea
635 1861 788 1926 postea
809 1859 1069 1907 rebellionis
1092 1858 1301 1905 oriretur.

384 2003 644 2061 XXVI.
695 2003 814 2058 DE
868 1994 1554 2057 HERENNIANO.

335 2168 528 2215 XXVII.
554 2126 886 2215 Omaxmvs
924 2163 1122 2210 moriens
1151 2161 1265 2208 duos
1295 2159 1512 2223 parvulos
1542 2173 1616 2206 re-

332 2241 493 2305 liquit,
536 2241 872 2287 Herennianum
911 2240 960 2284 ὅ(
990 2237 1173 2283 fratrem
1207 2235 1299 2297 ejus
1336 2232 1617 2279 Timolaum:

333 2331 531 2376 quorum
559 2312 743 2360 nomine
773 2312 975 2359 Zenobia
993 2348 1007 2367 ,
1037 2310 1247 2371 usurpato
1272 2309 1346 2354 libi
1385 2306 1577 2369 imperio
1601 2341 1618 2363 ,

334 2386 522 2444 diutius,
542 2403 675 2449 quam
709 2385 917 2431 feminam
943 2383 1116 2440 decuit,
1142 2381 1462 2443 rempublicam
1493 2377 1616 2425 obti-

336 2459 461 2518 nuit,
491 2459 710 2524 parvulos
738 2457 933 2506 Romani
962 2455 1248 2521 Imperatoris
1278 2454 1429 2502 habitu
1467 2449 1618 2516 profe-
