1714 2807
313 188 405 229 224
554 169 782 216 AEL11
849 169 1423 217 LAMPRIDII

310 289 419 322 tunc
450 286 573 337 pater
601 275 781 338 agebat,
814 273 937 336 supra
972 274 1151 320 statuam
1186 274 1298 337 regis
1331 274 1505 335 posuit,
1535 274 1596 322 ita
1649 265 1657 273 ⁹

311 363 360 392 ut
385 347 520 409 capiti
554 345 647 407 ejus
670 359 870 407 aptaret;
901 349 1024 410 quod
1061 349 1185 394 multi
1223 347 1478 394 ominosum
1511 365 1596 409 pu-

311 432 484 475 tarunt,
505 419 553 465 δε
572 419 708 464 morti
723 421 1084 466 accommodum.
1100 421 1267 465 clarum
1287 434 1431 465 autem
1452 435 1597 465 even-

312 505 386 538 tus
413 491 619 538 ostendit.
646 492 787 537 Natus
816 491 875 537 est
896 506 1105 552 praeterea
1131 494 1258 538 natali
1276 492 1524 548 Antonini,
1547 494 1598 540 δί

313 581 365 610 ea
395 564 527 620 hora,
554 565 603 610 &
625 563 754 625 {ignis
788 578 930 624 prope
955 564 1326 618 concinentibus,
1351 563 1514 625 quibus
1547 568 1597 610 ὔε

314 637 579 683 Antoninus
618 635 746 681 Pius:
777 651 911 694 quare
949 635 1156 680 dixerunt
1192 635 1516 693 mathematici,
1550 637 1600 681 ὃ(

314 710 599 773 Imperatoris
621 709 745 755 illum
773 708 912 754 filium
934 708 1134 754 futurum
1151 744 1165 763 ‚
1186 712 1234 755 δι
1259 712 1600 769 Imperatorem,

313 784 391 831 sed
424 801 515 831 non
552 783 642 832 din.
677 783 795 840 Die,
817 800 902 845 qua
934 797 1060 829 natus
1091 785 1150 828 est
1184 783 1339 846 (quod
1376 783 1599 832 Antonini

315 855 421 902 ess'et
442 853 628 918 natalis)
652 854 810 900 mulier
835 855 1033 916 quaedam
1066 857 1321 917 propinqua
1345 856 1503 903 dicitur
1526 872 1600 901 ex-

315 929 544 987 clamasse,
567 932 819 975 Antoninus
846 946 1031 984 vocetur3
1052 930 1122 976 sed
1156 930 1406 976 Macrinum
1433 928 1599 976 timuis-

318 1002 391 1060 se,
420 1002 543 1063 quod
574 999 722 1046 nullus
754 1017 810 1046 ex
845 999 939 1061 ejus
972 1017 1131 1063 genere
1163 1002 1254 1047 hoc
1282 1002 1466 1047 nomine
1493 1017 1601 1048 cen-

317 1076 513 1130 seretur,
545 1072 883 1136 abstinuiffeque
913 1074 1100 1120 nomine
1125 1074 1446 1136 imperatorio,
1474 1074 1601 1119 fimul

319 1148 446 1194 ouod
478 1147 561 1204 jam
602 1162 759 1191 rumor
787 1146 840 1192 de
870 1147 916 1192 vi
949 1147 1164 1209 genitur-:e
1200 1148 1316 1193 illius
1353 1146 1603 1192 emanasset.

318 1219 429 1266 Haec
460 1232 593 1278 atque
621 1219 704 1264 alia
735 1218 888 1264 omina
919 1217 1044 1264 fuisse
1076 1219 1204 1264 multi
1234 1218 1277 1265 in
1308 1219 1453 1264 literas
1485 1233 1603 1264 retu-

319 1295 491 1338 lerunt:
514 1291 586 1337 sed
610 1290 719 1336 illud
750 1293 998 1351 praecipue,
1028 1291 1152 1353 quod
1181 1308 1281 1337 cum
1309 1291 1354 1335 in
1385 1290 1509 1338 cunis
1537 1288 1604 1334 es-

322 1366 386 1411 set
407 1364 741 1420 Diadumenus,
766 1364 815 1409 &
836 1363 1090 1425 leo,ruptis
1117 1363 1398 1420 vinculis,&
1425 1362 1604 1425 quidem

323 1434 467 1493 ferus,
497 1434 735 1496 effugisset,
766 1444 899 1495 atque
934 1433 986 1478 ad
1021 1433 1292 1479 incunabula
1326 1434 1420 1491 ejus
1457 1433 1605 1478 venis-

324 1508 413 1564 set,
445 1524 627 1569 puerum
658 1504 875 1562 delinxit,
901 1507 948 1551 δι
977 1504 1250 1551 inviolatum
1279 1506 1483 1567 reliquit;
1504 1522 1606 1551 cum

324 1579 476 1626 nutrix
505 1579 545 1624 se
576 1579 622 1624 in
653 1578 832 1625 leonem
862 1577 1062 1632 misisset,
1082 1591 1216 1640 atque
1237 1577 1330 1638 ejus
1363 1577 1510 1624 morsu
1541 1577 1607 1624 af-

325 1653 436 1698 fe&a
458 1651 671 1713 periisset,
690 1666 792 1711 quae
809 1648 898 1695 sola
915 1648 1033 1695 forte
1051 1649 1097 1696 in
1121 1651 1272 1696 areola
1292 1650 1476 1696 inventa
1495 1663 1606 1707 erat,

325 1726 371 1771 in
392 1741 477 1787 qua
499 1724 643 1769 infans
664 1724 848 1782 jacebat.

396 1798 471 1842 vl.
495 1796 603 1842 Haec
626 1795 749 1851 sunt,
775 1811 874 1854 quae
902 1793 1033 1855 digna
1058 1808 1306 1841 memoratu
1338 1794 1383 1841 in
1415 1794 1609 1841 Antoni-

330 1884 392 1916 no
431 1869 722 1916 Diadumeno
759 1866 844 1912 effe
881 1867 1137 1913 videantur:
1173 1868 1296 1926 cujus
1334 1869 1471 1913 vitam
1505 1867 1609 1927 jun-

329 1939 483 1988 xiffem
519 1941 654 2003 patris
683 1942 832 2004 gestis.
866 1941 943 1985 niti
980 1940 1315 1986 Antoninorum
1349 1957 1514 1986 nomen
1539 1956 1609 1986 me

330 2016 384 2061 ad
415 2016 629 2060 edendam
665 2015 845 2076 puerilis
877 2013 1110 2074 specialem
1145 2014 1469 2074 expositionem
1506 2015 1611 2061 vitae

331 2086 555 2149 coegiffet.
587 2089 639 2131 Et
670 2085 750 2131 fuit
777 2086 956 2147 quidem
981 2100 1069 2130 tam
1096 2086 1283 2131 amabile
1319 2086 1404 2131 iliis
1431 2100 1611 2147 tempo-

331 2158 452 2204 ribus
469 2173 636 2202 nomen
654 2157 991 2202 Antoninorum
1007 2189 1020 2210 ,
1042 2169 1117 2210 ut,
1138 2158 1212 2218 qui
1232 2173 1286 2202 eo
1310 2159 1492 2202 nomine
1515 2174 1610 2203 non

330 2232 574 2285 niteretur,
611 2230 769 2275 mereri
802 2245 895 2274 non
939 2229 1168 2274 videretur
1201 2229 1450 2289 imperium.
1479 2232 1611 2277 Unde

332 2303 466 2350 etiam
494 2303 676 2364 quidam
705 2305 753 2349 &
784 2303 1022 2356 Severum,
1051 2304 1098 2349 ὅ(
1129 2303 1428 2357 Pertinacem,
1457 2304 1504 2348 &
1534 2304 1611 2349 Ju-

331 2377 526 2433 lianum,
555 2376 896 2422 Antoninorum
931 2376 1287 2436 praenominibus
1317 2377 1611 2422 honorandos

332 2462 516 2509 putant:
539 2448 656 2494 unde
675 2448 827 2510 postea
854 2448 967 2493 duos
987 2448 1276 2505 Gordianos,
1301 2459 1468 2509 patrem
1491 2451 1538 2495 (Sc
1556 2444 1611 2492 fi-
