1637 2785
336 120 631 168 PROBUS
677 120 1131 172 IMPERATOR.
1281 126 1375 193 205

89 226 404 277 Marcellinum
419 263 431 285 ‚
451 227 720 290 Gargillium
741 229 990 276 Martialem
1006 264 1020 287 ,
1044 229 1209 278 Iulium
1239 234 1379 297 Capi·

90 302 283 348 tolinum
301 335 314 358 ,
341 299 504 347 AElium
522 300 825 361 Lampridium
841 336 855 360 ,
879 302 1137 367 ceterosque
1152 339 1166 363 ‚
1185 308 1261 368 qui
1282 307 1379 356 baec

88 377 138 422 &
173 374 276 421 talia
301 389 396 420 non
434 385 522 419 tam
562 373 748 428 diserte,
788 392 921 438 quam
961 393 1105 434 vere,
1144 379 1379 427 memoriae

90 448 383 496 tradiderunt.
407 449 512 494 Sum
542 447 663 494 enim
691 463 806 494 unus
828 464 885 495 ex
915 450 1125 509 curiofis,
1158 453 1283 514 quod
1308 454 1381 500 in-

89 519 214 568 finita
236 520 342 568 scir<-
368 538 460 567 non
495 521 695 582 poffum,
721 521 1065 570 incendentibus
1094 525 1254 583 vobis,
1274 527 1380 589 qui,

90 611 191 643 cum
224 596 361 642 multa
402 595 576 654 sciatis,
613 594 722 642 scire
760 595 905 643 multo
948 597 1074 658 plura
1111 602 1289 662 cupitis.
1327 603 1383 650 Et

89 684 146 715 ne
167 667 334 715 diutius
363 684 414 715 ea
431 703 445 726 ,
476 684 576 731 quae
598 669 653 714 ad
678 684 826 715 meum
858 669 1096 717 confilium
1126 675 1381 735 pertinent,

87 741 274 805 loquat-3
307 758 517 805 magnum
540 744 588 788 δι
608 742 869 803 praeclarum
901 742 1181 806 Principem,
1206 746 1254 794 δι
1271 763 1380 810 qua-

87 814 174 862 lem
205 815 388 860 historia
420 814 569 860 nostra
592 830 685 860 non
716 814 875 872 novit,
900 815 1122 878 arripiam.

172 891 242 937 111.
273 891 436 935 Probus
474 887 694 935 oriundus
727 905 750 935 e
784 887 1047 947 Pannonia,
1079 891 1260 940 civitate
1287 893 1382 943 Sir-

91 961 243 1009 mienfi
262 999 274 1019 ,
310 962 538 1007 nobiliore
570 974 734 1018 matre,
764 978 895 1025 quam
928 975 1082 1024 patre,
1105 966 1384 1027 patrimonio

90 1032 329 1079 moderato
353 1065 367 1089 ,
413 1028 626 1077 affinitate
666 1047 761 1076 non
801 1047 988 1093 magna,
1024 1045 1109 1079 tam
1154 1036 1382 1099 privatus,

91 1120 226 1166 quam
246 1106 494 1163 Imperator
519 1101 799 1148 nobilissimis
820 1103 1061 1149 virtutibus
1081 1105 1251 1155 claruit.
1271 1110 1384 1156 F'ro›²

92 1177 183 1236 bo,
211 1190 258 1222 ut
288 1175 466 1238 quidam
506 1173 551 1220 in
585 1173 732 1219 literas
767 1175 1204 1237 retulerunt,‚pater
1232 1182 1385 1227 nomi-

91 1267 149 1296 ne
185 1248 406 1295 Maximus
448 1242 565 1293 fuit:
610 1245 690 1309 qui
725 1261 826 1292 curn
863 1247 1045 1293 ordines
1082 1248 1382 1300 honestissime

91 1320 309 1375 duxisset,
341 1318 615 1366 tribunatum
647 1318 860 1378 adeptus,
888 1319 1008 1380 apud
1031 1320 1280 1384 AEgyptum
1309 1325 1382 1372 vi·-

91 1407 135 1443 τε
159 1390 335 1441 funerus
353 1391 440 1449 est,
459 1407 603 1438 uxore
626 1406 678 1438 ac
698 1389 795 1437 filio
817 1394 865 1438 &
889 1391 978 1438 filia
1003 1392 1234 1443 dereliffis,
1254 1398 1379 1446 Mul-

92 1471 124 1517 ti
144 1470 297 1517 dicunt
315 1505 325 1524 ,
343 1467 537 1513 Probum
554 1465 732 1512 Claudii
756 1466 1059 1528 propinquum
1085 1468 1206 1516 fuiffe
1221 1506 1234 1528 ‚
1261 1473 1380 1533 opti·

93 1544 154 1592 mi
185 1545 235 1592 ὅ(
261 1539 508 1589 saiiffiffimi
542 1539 790 1601 Principis:
819 1541 943 1603 quod
961 1576 975 1599 ‚
997 1541 1098 1604 quia
1135 1560 1211 1605 per
1239 1559 1378 1595 unum

94 1629 266 1664 tantum
294 1617 561 1663 Graecorum
599 1611 784 1660 relatum
818 1613 905 1671 est,
944 1631 1026 1661 nos
1057 1615 1100 1663 in
1134 1618 1283 1665 medio
1310 1637 1382 1668 re-

95 1689 360 1752 linquemus.
392 1690 547 1734 Unum
575 1698 721 1732 tamen
748 1685 879 1743 dico,
911 1688 1030 1748 quod
1061 1687 1102 1734 in
1133 1691 1382 1752 ephemeri*

95 1764 148 1808 <ie
179 1763 324 1825 legisse
359 1776 430 1806 me
465 1758 680 1816 memini,
717 1774 740 1803 a
768 1757 955 1804 Claudia
992 1759 1145 1807 sorore
1181 1761 1381 1813 Probum

95 1835 333 1898 sepultum.
357 1833 626 1880 Adolescens
646 1832 819 1877 Probus
842 1831 1047 1894 corporis
1067 1834 1267 1882 moribus
1288 1849 1380 1886 tam

96 1908 241 1957 clarus
271 1907 330 1953 est
363 1903 526 1960 famis»,
553 1917 600 1950 ut
635 1903 858 1950 Valeriani
897 1903 1067 1964 judicio
1105 1906 1382 1958 tribunatum

98 1996 239 2045 prope
261 1979 472 2025 imberbis
498 1976 734 2038 acciperet.
764 1978 913 2024 Exsiat
942 1977 1127 2040 epistola
1149 1977 1379 2030 Valeriani

97 2054 151 2100 ad
180 2051 466 2107 Gallienum,
495 2067 584 2111 qua
627 2050 824 2098 Probum
858 2047 1006 2097 laudat
1038 2052 1186 2099 adhuc
1223 2054 1383 2102 adole⁶

97 2127 291 2175 scentem
309 2160 322 2182 ,
349 2127 399 2173 δε
434 2124 675 2172 imitationi
701 2125 903 2172 omnium
929 2125 1160 2188 proponit.
1185 2128 1253 2173 Ex
1282 2145 1378 2191 quo

96 2211 309 2262 apparet,
328 2194 549 2245 neminem
578 2213 777 2260 unquam
800 2198 1050 2261 perveniffe
1076 2199 1130 2245 ad
1162 2200 1381 2248 virtutum

100 2272 313 2321 summam
349 2271 437 2332 jam
481 2283 734 2328 maturum,
769 2271 848 2317 nisi
891 2271 969 2335 qui
999 2289 1110 2335 puer
1147 2272 1386 2322 seminario

99 2344 319 2391 virtutum
355 2343 639 2406 generosiore
676 2357 915 2392 concretus
935 2378 951 2406 ‚
979 2343 1148 2409 aliquid
1180 2344 1386 2395 inclitum

100 2417 374 2481 defignaffet.

200 2495 369 2554 Scripct.
401 2493 464 2540 H.
495 2497 559 2542 A.
596 2496 695 2540 Vol.
726 2493 790 2541 ΙΙ.
1081 2491 1130 2540 O
