<?xml version="1.0" encoding="UTF-8"?>
<!DOCTYPE html PUBLIC "-//W3C//DTD XHTML 1.0 Transitional//EN"
    "http://www.w3.org/TR/xhtml1/DTD/xhtml1-transitional.dtd">
<html xmlns="http://www.w3.org/1999/xhtml" xml:lang="en" lang="en">
 <head>
  <title>
</title>
<meta http-equiv="Content-Type" content="text/html;charset=utf-8" />
  <meta name='ocr-system' content='tesseract 3.04.00' />
  <meta name='ocr-capabilities' content='ocr_page ocr_carea ocr_par ocr_line ocrx_word'/>
</head>
<body>
  <div class='ocr_page' id='page_1' title='image "./historiaeaugusta00bipouoft_0628.png"; bbox 0 0 1714 2807; ppageno 0'>
   <div class='ocr_carea' id='block_1_1' title="bbox 324 138 1410 187">
    <p class='ocr_par' dir='ltr' id='par_1_1' title="bbox 324 138 1410 187">
     <span class='ocr_line' id='line_1_1' title="bbox 324 138 1410 187; baseline 0.001 -2"><span class='ocrx_word' id='word_1_1' title='bbox 324 138 416 187; x_wconf 80' lang='lat'>218</span> <span class='ocrx_word' id='word_1_2' title='bbox 547 138 1410 186; x_wconf 85' lang='lat' dir='ltr'>FLAVIIVOPISCI</span> 
     </span>
    </p>
   </div>
   <div class='ocr_carea' id='block_1_2' title="bbox 310 245 1669 2514">
    <p class='ocr_par' dir='ltr' id='par_1_2' title="bbox 317 245 1604 378">
     <span class='ocr_line' id='line_1_2' title="bbox 319 245 1604 313; baseline 0.003 -22"><span class='ocrx_word' id='word_1_3' title='bbox 319 259 455 305; x_wconf 76' lang='lat' dir='ltr'>mum,</span> <span class='ocrx_word' id='word_1_4' title='bbox 466 245 545 303; x_wconf 86' lang='lat' dir='ltr'>jus</span> <span class='ocrx_word' id='word_1_5' title='bbox 562 246 683 292; x_wconf 83' lang='lat' dir='ltr'>tertiae</span> <span class='ocrx_word' id='word_1_6' title='bbox 701 246 917 292; x_wconf 72' lang='lat' dir='ltr'><em>relationis</em></span> <span class='ocrx_word' id='word_1_7' title='bbox 931 280 945 301; x_wconf 92' lang='lat'>‚</span> <span class='ocrx_word' id='word_1_8' title='bbox 964 247 1224 302; x_wconf 72' lang='lat' dir='ltr'><em>tribunitiam</em></span> <span class='ocrx_word' id='word_1_9' title='bbox 1234 247 1485 313; x_wconf 62' lang='lat' dir='ltr'>potestatem.</span> <span class='ocrx_word' id='word_1_10' title='bbox 1501 246 1604 295; x_wconf 86' lang='lat' dir='ltr'>Post</span> 
     </span>
     <span class='ocr_line' id='line_1_3' title="bbox 317 318 1237 378; baseline 0.003 -14"><span class='ocrx_word' id='word_1_11' title='bbox 317 318 417 365; x_wconf 80' lang='lat' dir='ltr'>haec</span> <span class='ocrx_word' id='word_1_12' title='bbox 435 319 724 365; x_wconf 76' lang='lat' dir='ltr'>acclamatum</span> <span class='ocrx_word' id='word_1_13' title='bbox 744 318 805 364; x_wconf 88' lang='lat' dir='ltr'>est</span> <span class='ocrx_word' id='word_1_14' title='bbox 818 353 832 375; x_wconf 92' lang='lat'>‚</span> <span class='ocrx_word' id='word_1_15' title='bbox 854 321 1011 366; x_wconf 82' lang='lat' dir='ltr'><strong><em>Omnes</em></strong></span> <span class='ocrx_word' id='word_1_16' title='bbox 1026 354 1041 378; x_wconf 93' lang='lat'>,</span> <span class='ocrx_word' id='word_1_17' title='bbox 1066 321 1237 367; x_wconf 77' lang='lat' dir='ltr'>Omnes.</span> 
     </span>
    </p>

    <p class='ocr_par' dir='ltr' id='par_1_3' title="bbox 310 390 1669 2514">
     <span class='ocr_line' id='line_1_4' title="bbox 379 390 1606 454; baseline 0.003 -18"><span class='ocrx_word' id='word_1_18' title='bbox 379 392 497 436; x_wconf 81' lang='lat' dir='ltr'>XIII.</span> <span class='ocrx_word' id='word_1_19' title='bbox 513 394 718 453; x_wconf 87' lang='lat' dir='ltr'>Accepto</span> <span class='ocrx_word' id='word_1_20' title='bbox 738 390 871 454; x_wconf 81' lang='lat' dir='ltr'>igitur</span> <span class='ocrx_word' id='word_1_21' title='bbox 892 392 980 438; x_wconf 88' lang='lat' dir='ltr'>hoc</span> <span class='ocrx_word' id='word_1_22' title='bbox 1016 391 1424 450; x_wconf 79' lang='lat' dir='ltr'>senatusconsulto,</span> <span class='ocrx_word' id='word_1_23' title='bbox 1449 391 1606 440; x_wconf 88' lang='lat' dir='ltr'>secun-</span> 
     </span>
     <span class='ocr_line' id='line_1_5' title="bbox 317 463 1605 526; baseline 0.003 -19"><span class='ocrx_word' id='word_1_24' title='bbox 317 463 426 508; x_wconf 86' lang='lat' dir='ltr'>dum</span> <span class='ocrx_word' id='word_1_25' title='bbox 445 464 698 509; x_wconf 84' lang='lat' dir='ltr'>orationem</span> <span class='ocrx_word' id='word_1_26' title='bbox 713 498 726 520; x_wconf 94' lang='lat'>,</span> <span class='ocrx_word' id='word_1_27' title='bbox 743 463 935 524; x_wconf 72' lang='lat' dir='ltr'>permisit</span> <span class='ocrx_word' id='word_1_28' title='bbox 955 464 1153 509; x_wconf 82' lang='lat' dir='ltr'>Patribus</span> <span class='ocrx_word' id='word_1_29' title='bbox 1170 499 1183 522; x_wconf 91' lang='lat'>‚</span> <span class='ocrx_word' id='word_1_30' title='bbox 1203 476 1252 510; x_wconf 87' lang='lat' dir='ltr'>ut</span> <span class='ocrx_word' id='word_1_31' title='bbox 1269 481 1323 510; x_wconf 81' lang='lat' dir='ltr'>ex</span> <span class='ocrx_word' id='word_1_32' title='bbox 1340 480 1605 526; x_wconf 85' lang='lat' dir='ltr'>magnorum</span> 
     </span>
     <span class='ocr_line' id='line_1_6' title="bbox 313 535 1608 602; baseline 0.004 -21"><span class='ocrx_word' id='word_1_33' title='bbox 313 535 515 597; x_wconf 73' lang='lat' dir='ltr'>judicum</span> <span class='ocrx_word' id='word_1_34' title='bbox 534 536 908 599; x_wconf 82' lang='lat' dir='ltr'>appellationibus</span> <span class='ocrx_word' id='word_1_35' title='bbox 927 537 1005 598; x_wconf 81' lang='lat' dir='ltr'>ipsi</span> <span class='ocrx_word' id='word_1_36' title='bbox 1025 539 1378 602; x_wconf 78' lang='lat' dir='ltr'>cognoscerent,</span> <span class='ocrx_word' id='word_1_37' title='bbox 1398 541 1608 588; x_wconf 83' lang='lat' dir='ltr'>Procon-</span> 
     </span>
     <span class='ocr_line' id='line_1_7' title="bbox 316 609 1609 675; baseline 0.003 -20"><span class='ocrx_word' id='word_1_38' title='bbox 316 609 435 657; x_wconf 82' lang='lat' dir='ltr'>sules</span> <span class='ocrx_word' id='word_1_39' title='bbox 457 623 691 667; x_wconf 82' lang='lat' dir='ltr'>crearent,</span> <span class='ocrx_word' id='word_1_40' title='bbox 711 612 899 671; x_wconf 79' lang='lat' dir='ltr'>Legatos</span> <span class='ocrx_word' id='word_1_41' title='bbox 921 610 1195 658; x_wconf 74' lang='lat' dir='ltr'>Consulibus</span> <span class='ocrx_word' id='word_1_42' title='bbox 1214 613 1389 670; x_wconf 84' lang='lat' dir='ltr'>darent,</span> <span class='ocrx_word' id='word_1_43' title='bbox 1406 611 1473 672; x_wconf 83' lang='lat' dir='ltr'>jus</span> <span class='ocrx_word' id='word_1_44' title='bbox 1492 629 1609 675; x_wconf 80' lang='lat' dir='ltr'>prae-</span> 
     </span>
     <span class='ocr_line' id='line_1_8' title="bbox 315 682 1607 745; baseline 0.002 -17"><span class='ocrx_word' id='word_1_45' title='bbox 315 682 483 730; x_wconf 86' lang='lat' dir='ltr'>torium</span> <span class='ocrx_word' id='word_1_46' title='bbox 507 683 769 730; x_wconf 76' lang='lat' dir='ltr'>Praesidibus</span> <span class='ocrx_word' id='word_1_47' title='bbox 797 682 977 739; x_wconf 82' lang='lat' dir='ltr'>darent,</span> <span class='ocrx_word' id='word_1_48' title='bbox 1003 682 1144 745; x_wconf 84' lang='lat' dir='ltr'>leges,</span> <span class='ocrx_word' id='word_1_49' title='bbox 1171 700 1280 745; x_wconf 87' lang='lat' dir='ltr'>quas</span> <span class='ocrx_word' id='word_1_50' title='bbox 1303 686 1476 732; x_wconf 77' lang='lat' dir='ltr'>Probus</span> <span class='ocrx_word' id='word_1_51' title='bbox 1506 684 1607 732; x_wconf 88' lang='lat' dir='ltr'>ede-</span> 
     </span>
     <span class='ocr_line' id='line_1_9' title="bbox 317 753 1606 816; baseline 0.001 -13"><span class='ocrx_word' id='word_1_52' title='bbox 317 770 415 812; x_wconf 84' lang='lat' dir='ltr'>ret,</span> <span class='ocrx_word' id='word_1_53' title='bbox 443 753 831 803; x_wconf 74' lang='lat' dir='ltr'>senatusconsultis</span> <span class='ocrx_word' id='word_1_54' title='bbox 861 755 1058 816; x_wconf 85' lang='lat' dir='ltr'>propriis</span> <span class='ocrx_word' id='word_1_55' title='bbox 1091 755 1415 802; x_wconf 85' lang='lat' dir='ltr'>consecrarent.</span> <span class='ocrx_word' id='word_1_56' title='bbox 1450 756 1606 804; x_wconf 83' lang='lat' dir='ltr'>Statim</span> 
     </span>
     <span class='ocr_line' id='line_1_10' title="bbox 315 826 1609 892; baseline -0.001 -16"><span class='ocrx_word' id='word_1_57' title='bbox 315 829 501 887; x_wconf 88' lang='lat' dir='ltr'>deinde,</span> <span class='ocrx_word' id='word_1_58' title='bbox 531 829 562 874; x_wconf 84' lang='lat' dir='ltr'><strong>fi</strong></span> <span class='ocrx_word' id='word_1_59' title='bbox 591 827 671 890; x_wconf 86' lang='lat' dir='ltr'>qui</span> <span class='ocrx_word' id='word_1_60' title='bbox 703 827 757 873; x_wconf 88' lang='lat' dir='ltr'>de</span> <span class='ocrx_word' id='word_1_61' title='bbox 793 826 1151 874; x_wconf 69' lang='lat' dir='ltr'>interfe&amp;oribus</span> <span class='ocrx_word' id='word_1_62' title='bbox 1188 829 1415 875; x_wconf 85' lang='lat' dir='ltr'>Aureliani</span> <span class='ocrx_word' id='word_1_63' title='bbox 1455 829 1609 892; x_wconf 83' lang='lat' dir='ltr'>super·-</span> 
     </span>
     <span class='ocr_line' id='line_1_11' title="bbox 314 900 1669 964; baseline 0 -15"><span class='ocrx_word' id='word_1_64' title='bbox 314 903 523 960; x_wconf 85' lang='lat' dir='ltr'>fuerant,</span> <span class='ocrx_word' id='word_1_65' title='bbox 566 900 696 949; x_wconf 86' lang='lat' dir='ltr'>vario</span> <span class='ocrx_word' id='word_1_66' title='bbox 732 916 893 964; x_wconf 86' lang='lat' dir='ltr'>genere</span> <span class='ocrx_word' id='word_1_67' title='bbox 929 901 1214 950; x_wconf 82' lang='lat' dir='ltr'>vindicavit:</span> <span class='ocrx_word' id='word_1_68' title='bbox 1246 902 1429 950; x_wconf 85' lang='lat' dir='ltr'>mollius</span> <span class='ocrx_word' id='word_1_69' title='bbox 1457 914 1606 949; x_wconf 84' lang='lat' dir='ltr'>tamen</span> <span class='ocrx_word' id='word_1_70' title='bbox 1666 955 1669 958; x_wconf 40' lang='lat'>‚</span> 
     </span>
     <span class='ocr_line' id='line_1_12' title="bbox 314 973 1608 1039; baseline 0 -17"><span class='ocrx_word' id='word_1_71' title='bbox 314 973 712 1037; x_wconf 88' lang='lat' dir='ltr'>moderatiusque,</span> <span class='ocrx_word' id='word_1_72' title='bbox 747 990 882 1037; x_wconf 88' lang='lat' dir='ltr'>quam</span> <span class='ocrx_word' id='word_1_73' title='bbox 919 973 1041 1037; x_wconf 88' lang='lat' dir='ltr'>prius</span> <span class='ocrx_word' id='word_1_74' title='bbox 1075 975 1326 1034; x_wconf 84' lang='lat' dir='ltr'>exercitus,</span> <span class='ocrx_word' id='word_1_75' title='bbox 1364 978 1413 1024; x_wconf 82' lang='lat'>&amp;</span> <span class='ocrx_word' id='word_1_76' title='bbox 1457 976 1608 1039; x_wconf 84' lang='lat' dir='ltr'>postea</span> 
     </span>
     <span class='ocr_line' id='line_1_13' title="bbox 315 1046 1608 1106; baseline 0.001 -11"><span class='ocrx_word' id='word_1_77' title='bbox 315 1047 531 1106; x_wconf 86' lang='lat' dir='ltr'>Tacitus,</span> <span class='ocrx_word' id='word_1_78' title='bbox 554 1046 912 1095; x_wconf 85' lang='lat' dir='ltr'>vindicaverant.</span> <span class='ocrx_word' id='word_1_79' title='bbox 938 1048 1118 1094; x_wconf 87' lang='lat' dir='ltr'>Deinde</span> <span class='ocrx_word' id='word_1_80' title='bbox 1142 1048 1459 1096; x_wconf 81' lang='lat' dir='ltr'>animadvertit</span> <span class='ocrx_word' id='word_1_81' title='bbox 1478 1049 1608 1096; x_wconf 87' lang='lat' dir='ltr'>etiam</span> 
     </span>
     <span class='ocr_line' id='line_1_14' title="bbox 314 1119 1609 1183; baseline -0.001 -15"><span class='ocrx_word' id='word_1_82' title='bbox 314 1121 364 1168; x_wconf 90' lang='lat' dir='ltr'>in</span> <span class='ocrx_word' id='word_1_83' title='bbox 392 1136 504 1179; x_wconf 88' lang='lat' dir='ltr'>eos,</span> <span class='ocrx_word' id='word_1_84' title='bbox 527 1119 606 1183; x_wconf 89' lang='lat' dir='ltr'>qui</span> <span class='ocrx_word' id='word_1_85' title='bbox 639 1119 804 1168; x_wconf 88' lang='lat' dir='ltr'>Tacito</span> <span class='ocrx_word' id='word_1_86' title='bbox 836 1119 1009 1167; x_wconf 84' lang='lat' dir='ltr'>insidias</span> <span class='ocrx_word' id='word_1_87' title='bbox 1041 1120 1249 1168; x_wconf 66' lang='lat' dir='ltr'>fecerant.</span> <span class='ocrx_word' id='word_1_88' title='bbox 1300 1122 1498 1170; x_wconf 86' lang='lat' dir='ltr'>Floriani</span> <span class='ocrx_word' id='word_1_89' title='bbox 1536 1122 1609 1168; x_wconf 89' lang='lat' dir='ltr'>so-</span> 
     </span>
     <span class='ocr_line' id='line_1_15' title="bbox 314 1193 1609 1260; baseline 0 -18"><span class='ocrx_word' id='word_1_90' title='bbox 314 1195 396 1242; x_wconf 88' lang='lat' dir='ltr'>ciis</span> <span class='ocrx_word' id='word_1_91' title='bbox 425 1193 653 1257; x_wconf 87' lang='lat' dir='ltr'>pepercit,</span> <span class='ocrx_word' id='word_1_92' title='bbox 684 1193 811 1256; x_wconf 87' lang='lat' dir='ltr'>quod</span> <span class='ocrx_word' id='word_1_93' title='bbox 839 1209 934 1240; x_wconf 91' lang='lat' dir='ltr'>non</span> <span class='ocrx_word' id='word_1_94' title='bbox 973 1206 1220 1257; x_wconf 89' lang='lat' dir='ltr'>tyrannum</span> <span class='ocrx_word' id='word_1_95' title='bbox 1257 1195 1452 1260; x_wconf 81' lang='lat' dir='ltr'>aliquem</span> <span class='ocrx_word' id='word_1_96' title='bbox 1484 1194 1609 1249; x_wconf 85' lang='lat' dir='ltr'>vide-</span> 
     </span>
     <span class='ocr_line' id='line_1_16' title="bbox 314 1265 1610 1330; baseline -0.001 -15"><span class='ocrx_word' id='word_1_97' title='bbox 314 1269 483 1315; x_wconf 89' lang='lat' dir='ltr'>bantur</span> <span class='ocrx_word' id='word_1_98' title='bbox 513 1266 681 1324; x_wconf 86' lang='lat' dir='ltr'>secuti,</span> <span class='ocrx_word' id='word_1_99' title='bbox 720 1265 794 1312; x_wconf 89' lang='lat' dir='ltr'>sed</span> <span class='ocrx_word' id='word_1_100' title='bbox 834 1266 900 1312; x_wconf 89' lang='lat' dir='ltr'>sui</span> <span class='ocrx_word' id='word_1_101' title='bbox 937 1267 1160 1330; x_wconf 85' lang='lat' dir='ltr'>Principis</span> <span class='ocrx_word' id='word_1_102' title='bbox 1190 1267 1387 1315; x_wconf 88' lang='lat' dir='ltr'>fratrem.</span> <span class='ocrx_word' id='word_1_103' title='bbox 1422 1268 1610 1330; x_wconf 77' lang='lat' dir='ltr'>Recepit</span> 
     </span>
     <span class='ocr_line' id='line_1_17' title="bbox 317 1339 1609 1404; baseline 0 -16"><span class='ocrx_word' id='word_1_104' title='bbox 317 1341 479 1388; x_wconf 90' lang='lat' dir='ltr'>deinde</span> <span class='ocrx_word' id='word_1_105' title='bbox 497 1356 655 1387; x_wconf 90' lang='lat' dir='ltr'>omnes</span> <span class='ocrx_word' id='word_1_106' title='bbox 678 1339 962 1402; x_wconf 87' lang='lat' dir='ltr'>Europenses</span> <span class='ocrx_word' id='word_1_107' title='bbox 986 1341 1207 1389; x_wconf 85' lang='lat' dir='ltr'>exercitus</span> <span class='ocrx_word' id='word_1_108' title='bbox 1222 1373 1237 1398; x_wconf 90' lang='lat'>,</span> <span class='ocrx_word' id='word_1_109' title='bbox 1257 1342 1333 1404; x_wconf 88' lang='lat' dir='ltr'>qui</span> <span class='ocrx_word' id='word_1_110' title='bbox 1354 1342 1609 1389; x_wconf 88' lang='lat' dir='ltr'>Florianum</span> 
     </span>
     <span class='ocr_line' id='line_1_18' title="bbox 313 1413 1609 1479; baseline -0.002 -15"><span class='ocrx_word' id='word_1_111' title='bbox 313 1418 703 1478; x_wconf 86' lang='lat' dir='ltr'>&amp;Imperatorem</span> <span class='ocrx_word' id='word_1_112' title='bbox 732 1413 953 1471; x_wconf 82' lang='lat' dir='ltr'>fecerant,</span> <span class='ocrx_word' id='word_1_113' title='bbox 981 1416 1032 1463; x_wconf 90' lang='lat'>&amp;</span> <span class='ocrx_word' id='word_1_114' title='bbox 1058 1417 1331 1464; x_wconf 87' lang='lat' dir='ltr'>occiderant.</span> <span class='ocrx_word' id='word_1_115' title='bbox 1352 1416 1431 1464; x_wconf 89' lang='lat' dir='ltr'>His</span> <span class='ocrx_word' id='word_1_116' title='bbox 1452 1415 1609 1479; x_wconf 83' lang='lat' dir='ltr'>gestis,</span> 
     </span>
     <span class='ocr_line' id='line_1_19' title="bbox 319 1482 1641 1553; baseline -0.002 -16"><span class='ocrx_word' id='word_1_117' title='bbox 319 1506 423 1538; x_wconf 90' lang='lat' dir='ltr'>cum</span> <span class='ocrx_word' id='word_1_118' title='bbox 456 1489 630 1553; x_wconf 85' lang='lat' dir='ltr'>ingenti</span> <span class='ocrx_word' id='word_1_119' title='bbox 672 1487 875 1536; x_wconf 85' lang='lat' dir='ltr'>exercitu</span> <span class='ocrx_word' id='word_1_120' title='bbox 908 1489 1075 1535; x_wconf 90' lang='lat' dir='ltr'>Gallias</span> <span class='ocrx_word' id='word_1_121' title='bbox 1112 1489 1247 1551; x_wconf 87' lang='lat' dir='ltr'>petit:</span> <span class='ocrx_word' id='word_1_122' title='bbox 1283 1507 1381 1552; x_wconf 83' lang='lat' dir='ltr'>quae</span> <span class='ocrx_word' id='word_1_123' title='bbox 1419 1504 1606 1544; x_wconf 86' lang='lat' dir='ltr'>omnes,</span> <span class='ocrx_word' id='word_1_124' title='bbox 1640 1482 1641 1485; x_wconf 26' lang='lat'>¹</span> 
     </span>
     <span class='ocr_line' id='line_1_20' title="bbox 320 1561 1608 1620; baseline 0 -12"><span class='ocrx_word' id='word_1_125' title='bbox 320 1562 477 1611; x_wconf 88' lang='lat' dir='ltr'>occiso</span> <span class='ocrx_word' id='word_1_126' title='bbox 504 1561 772 1620; x_wconf 85' lang='lat' dir='ltr'>Postumio,</span> <span class='ocrx_word' id='word_1_127' title='bbox 800 1561 992 1608; x_wconf 72' lang='lat' dir='ltr'>turbatae</span> <span class='ocrx_word' id='word_1_128' title='bbox 1024 1561 1229 1618; x_wconf 82' lang='lat' dir='ltr'>fuerant3</span> <span class='ocrx_word' id='word_1_129' title='bbox 1257 1561 1489 1608; x_wconf 65' lang='lat' dir='ltr'>interfecto</span> <span class='ocrx_word' id='word_1_130' title='bbox 1514 1565 1608 1608; x_wconf 86' lang='lat' dir='ltr'>Au·</span> 
     </span>
     <span class='ocr_line' id='line_1_21' title="bbox 317 1635 1610 1698; baseline -0.002 -13"><span class='ocrx_word' id='word_1_131' title='bbox 317 1638 522 1697; x_wconf 87' lang='lat' dir='ltr'>reliano,</span> <span class='ocrx_word' id='word_1_132' title='bbox 560 1654 584 1684; x_wconf 88' lang='lat' dir='ltr'>a</span> <span class='ocrx_word' id='word_1_133' title='bbox 623 1636 860 1683; x_wconf 84' lang='lat' dir='ltr'>Germanis</span> <span class='ocrx_word' id='word_1_134' title='bbox 894 1635 1104 1698; x_wconf 73' lang='lat' dir='ltr'>possessae.</span> <span class='ocrx_word' id='word_1_135' title='bbox 1145 1636 1291 1682; x_wconf 84' lang='lat' dir='ltr'>Tanta</span> <span class='ocrx_word' id='word_1_136' title='bbox 1330 1648 1475 1682; x_wconf 85' lang='lat' dir='ltr'>autem</span> <span class='ocrx_word' id='word_1_137' title='bbox 1514 1635 1610 1683; x_wconf 88' lang='lat' dir='ltr'>illic</span> 
     </span>
     <span class='ocr_line' id='line_1_22' title="bbox 320 1708 1610 1772; baseline 0 -17"><span class='ocrx_word' id='word_1_138' title='bbox 320 1710 486 1772; x_wconf 86' lang='lat' dir='ltr'>proelia</span> <span class='ocrx_word' id='word_1_139' title='bbox 509 1709 701 1757; x_wconf 84' lang='lat' dir='ltr'>feliciter</span> <span class='ocrx_word' id='word_1_140' title='bbox 736 1709 859 1772; x_wconf 85' lang='lat' dir='ltr'>geffit</span> <span class='ocrx_word' id='word_1_141' title='bbox 878 1743 892 1765; x_wconf 90' lang='lat'>,</span> <span class='ocrx_word' id='word_1_142' title='bbox 921 1720 970 1754; x_wconf 89' lang='lat' dir='ltr'>ut</span> <span class='ocrx_word' id='word_1_143' title='bbox 999 1725 1022 1754; x_wconf 91' lang='lat' dir='ltr'>a</span> <span class='ocrx_word' id='word_1_144' title='bbox 1054 1708 1250 1754; x_wconf 86' lang='lat' dir='ltr'>barbaris</span> <span class='ocrx_word' id='word_1_145' title='bbox 1285 1708 1506 1772; x_wconf 85' lang='lat' dir='ltr'>sexaginta</span> <span class='ocrx_word' id='word_1_146' title='bbox 1532 1724 1610 1769; x_wconf 86' lang='lat' dir='ltr'>per</span> 
     </span>
     <span class='ocr_line' id='line_1_23' title="bbox 321 1781 1610 1845; baseline -0.001 -17"><span class='ocrx_word' id='word_1_147' title='bbox 321 1784 492 1831; x_wconf 82' lang='lat' dir='ltr'>Gallias</span> <span class='ocrx_word' id='word_1_148' title='bbox 512 1783 800 1831; x_wconf 69' lang='lat' dir='ltr'>nobilissimas</span> <span class='ocrx_word' id='word_1_149' title='bbox 822 1782 1041 1845; x_wconf 82' lang='lat' dir='ltr'>reciperet</span> <span class='ocrx_word' id='word_1_150' title='bbox 1063 1781 1292 1837; x_wconf 80' lang='lat' dir='ltr'>civitates3</span> <span class='ocrx_word' id='word_1_151' title='bbox 1320 1782 1511 1843; x_wconf 62' lang='lat' dir='ltr'>praedam,</span> <span class='ocrx_word' id='word_1_152' title='bbox 1530 1782 1610 1827; x_wconf 88' lang='lat' dir='ltr'>de-</span> 
     </span>
     <span class='ocr_line' id='line_1_24' title="bbox 317 1854 1609 1922; baseline -0.002 -19"><span class='ocrx_word' id='word_1_153' title='bbox 317 1856 423 1906; x_wconf 80' lang='lat' dir='ltr'>inde</span> <span class='ocrx_word' id='word_1_154' title='bbox 446 1876 628 1905; x_wconf 85' lang='lat' dir='ltr'>omnem</span> <span class='ocrx_word' id='word_1_155' title='bbox 645 1896 657 1916; x_wconf 94' lang='lat'>,</span> <span class='ocrx_word' id='word_1_156' title='bbox 683 1876 770 1922; x_wconf 83' lang='lat' dir='ltr'>qua</span> <span class='ocrx_word' id='word_1_157' title='bbox 801 1857 899 1915; x_wconf 89' lang='lat' dir='ltr'>illi,</span> <span class='ocrx_word' id='word_1_158' title='bbox 931 1869 1091 1919; x_wconf 79' lang='lat' dir='ltr'>praeter</span> <span class='ocrx_word' id='word_1_159' title='bbox 1119 1855 1321 1910; x_wconf 84' lang='lat' dir='ltr'>divitias,</span> <span class='ocrx_word' id='word_1_160' title='bbox 1346 1854 1478 1902; x_wconf 89' lang='lat' dir='ltr'>etiam</span> <span class='ocrx_word' id='word_1_161' title='bbox 1507 1854 1609 1901; x_wconf 88' lang='lat' dir='ltr'>effe-</span> 
     </span>
     <span class='ocr_line' id='line_1_25' title="bbox 315 1928 1606 1997; baseline -0.005 -16"><span class='ocrx_word' id='word_1_162' title='bbox 315 1934 529 1981; x_wconf 81' lang='lat' dir='ltr'>rebantur</span> <span class='ocrx_word' id='word_1_163' title='bbox 560 1935 615 1982; x_wconf 84' lang='lat' dir='ltr'>ad</span> <span class='ocrx_word' id='word_1_164' title='bbox 648 1934 853 1997; x_wconf 79' lang='lat' dir='ltr'>gloriam.</span> <span class='ocrx_word' id='word_1_165' title='bbox 882 1936 935 1978; x_wconf 83' lang='lat' dir='ltr'>Et</span> <span class='ocrx_word' id='word_1_166' title='bbox 967 1949 1067 1980; x_wconf 86' lang='lat' dir='ltr'>cum</span> <span class='ocrx_word' id='word_1_167' title='bbox 1099 1930 1186 1991; x_wconf 81' lang='lat' dir='ltr'>jam</span> <span class='ocrx_word' id='word_1_168' title='bbox 1217 1930 1262 1976; x_wconf 89' lang='lat' dir='ltr'>in</span> <span class='ocrx_word' id='word_1_169' title='bbox 1301 1928 1448 1977; x_wconf 84' lang='lat' dir='ltr'>nostra</span> <span class='ocrx_word' id='word_1_170' title='bbox 1480 1928 1606 1992; x_wconf 80' lang='lat' dir='ltr'>ripa,</span> 
     </span>
     <span class='ocr_line' id='line_1_26' title="bbox 315 2007 1609 2073; baseline -0.004 -16"><span class='ocrx_word' id='word_1_171' title='bbox 315 2009 462 2057; x_wconf 86' lang='lat' dir='ltr'>immo</span> <span class='ocrx_word' id='word_1_172' title='bbox 489 2027 568 2073; x_wconf 86' lang='lat' dir='ltr'>per</span> <span class='ocrx_word' id='word_1_173' title='bbox 604 2027 760 2057; x_wconf 83' lang='lat' dir='ltr'>omnes</span> <span class='ocrx_word' id='word_1_174' title='bbox 789 2009 982 2065; x_wconf 84' lang='lat' dir='ltr'>Gallias,</span> <span class='ocrx_word' id='word_1_175' title='bbox 1016 2007 1154 2054; x_wconf 86' lang='lat' dir='ltr'>securi</span> <span class='ocrx_word' id='word_1_176' title='bbox 1187 2017 1484 2069; x_wconf 82' lang='lat' dir='ltr'>vagarentur,</span> <span class='ocrx_word' id='word_1_177' title='bbox 1517 2021 1609 2052; x_wconf 84' lang='lat' dir='ltr'>cae-</span> 
     </span>
     <span class='ocr_line' id='line_1_27' title="bbox 313 2079 1607 2147; baseline -0.004 -18"><span class='ocrx_word' id='word_1_178' title='bbox 313 2083 371 2130; x_wconf 81' lang='lat' dir='ltr'>{is</span> <span class='ocrx_word' id='word_1_179' title='bbox 407 2099 549 2145; x_wconf 84' lang='lat' dir='ltr'>prope</span> <span class='ocrx_word' id='word_1_180' title='bbox 586 2082 925 2147; x_wconf 83' lang='lat' dir='ltr'>quadringentis</span> <span class='ocrx_word' id='word_1_181' title='bbox 964 2080 1190 2137; x_wconf 81' lang='lat' dir='ltr'>millibus,</span> <span class='ocrx_word' id='word_1_182' title='bbox 1233 2079 1311 2142; x_wconf 87' lang='lat' dir='ltr'>qui</span> <span class='ocrx_word' id='word_1_183' title='bbox 1349 2081 1607 2126; x_wconf 89' lang='lat' dir='ltr'>Romanum</span> 
     </span>
     <span class='ocr_line' id='line_1_28' title="bbox 315 2150 1609 2218; baseline -0.005 -15"><span class='ocrx_word' id='word_1_184' title='bbox 315 2169 651 2218; x_wconf 84' lang='lat' dir='ltr'>occupaverant</span> <span class='ocrx_word' id='word_1_185' title='bbox 688 2155 859 2214; x_wconf 88' lang='lat' dir='ltr'>solum,</span> <span class='ocrx_word' id='word_1_186' title='bbox 892 2153 1102 2217; x_wconf 84' lang='lat' dir='ltr'>reliquias</span> <span class='ocrx_word' id='word_1_187' title='bbox 1146 2153 1260 2199; x_wconf 86' lang='lat' dir='ltr'>ultra</span> <span class='ocrx_word' id='word_1_188' title='bbox 1296 2152 1482 2200; x_wconf 87' lang='lat' dir='ltr'>Nicrum</span> <span class='ocrx_word' id='word_1_189' title='bbox 1519 2150 1609 2197; x_wconf 84' lang='lat' dir='ltr'>flu·</span> 
     </span>
     <span class='ocr_line' id='line_1_29' title="bbox 315 2223 1607 2286; baseline -0.007 -9"><span class='ocrx_word' id='word_1_190' title='bbox 315 2229 443 2277; x_wconf 88' lang='lat' dir='ltr'>vium</span> <span class='ocrx_word' id='word_1_191' title='bbox 464 2230 515 2276; x_wconf 77' lang='grc' dir='ltr'>δι</span> <span class='ocrx_word' id='word_1_192' title='bbox 543 2229 699 2276; x_wconf 87' lang='lat' dir='ltr'>Albam</span> <span class='ocrx_word' id='word_1_193' title='bbox 723 2227 953 2274; x_wconf 84' lang='lat' dir='ltr'>removit:</span> <span class='ocrx_word' id='word_1_194' title='bbox 977 2238 1150 2273; x_wconf 87' lang='lat' dir='ltr'>tantum</span> <span class='ocrx_word' id='word_1_195' title='bbox 1177 2224 1246 2271; x_wconf 87' lang='lat' dir='ltr'>his</span> <span class='ocrx_word' id='word_1_196' title='bbox 1270 2224 1431 2286; x_wconf 83' lang='lat' dir='ltr'>praedae</span> <span class='ocrx_word' id='word_1_197' title='bbox 1451 2223 1607 2270; x_wconf 86' lang='lat' dir='ltr'>barba-</span> 
     </span>
     <span class='ocr_line' id='line_1_30' title="bbox 316 2297 1605 2364; baseline -0.006 -15"><span class='ocrx_word' id='word_1_198' title='bbox 316 2303 424 2351; x_wconf 82' lang='lat' dir='ltr'>ricae</span> <span class='ocrx_word' id='word_1_199' title='bbox 442 2303 576 2359; x_wconf 86' lang='lat' dir='ltr'>tulit,</span> <span class='ocrx_word' id='word_1_200' title='bbox 591 2315 811 2363; x_wconf 83' lang='lat' dir='ltr'>quantum</span> <span class='ocrx_word' id='word_1_201' title='bbox 833 2300 913 2364; x_wconf 78' lang='lat' dir='ltr'>ipsi</span> <span class='ocrx_word' id='word_1_202' title='bbox 935 2299 1152 2347; x_wconf 86' lang='lat' dir='ltr'>Romanis</span> <span class='ocrx_word' id='word_1_203' title='bbox 1176 2297 1466 2345; x_wconf 87' lang='lat' dir='ltr'>abstulerant:</span> <span class='ocrx_word' id='word_1_204' title='bbox 1487 2311 1605 2343; x_wconf 91' lang='lat' dir='ltr'>con-</span> 
     </span>
     <span class='ocr_line' id='line_1_31' title="bbox 314 2369 1602 2431; baseline -0.006 -8"><span class='ocrx_word' id='word_1_205' title='bbox 314 2388 382 2423; x_wconf 80' lang='lat' dir='ltr'>tra</span> <span class='ocrx_word' id='word_1_206' title='bbox 404 2377 535 2424; x_wconf 86' lang='lat' dir='ltr'>urbes</span> <span class='ocrx_word' id='word_1_207' title='bbox 556 2377 784 2423; x_wconf 80' lang='lat' dir='ltr'>Romanas</span> <span class='ocrx_word' id='word_1_208' title='bbox 810 2375 860 2422; x_wconf 88' lang='lat'>&amp;</span> <span class='ocrx_word' id='word_1_209' title='bbox 888 2371 1028 2422; x_wconf 82' lang='lat' dir='ltr'>castra</span> <span class='ocrx_word' id='word_1_210' title='bbox 1054 2372 1100 2418; x_wconf 89' lang='lat' dir='ltr'>in</span> <span class='ocrx_word' id='word_1_211' title='bbox 1131 2371 1229 2419; x_wconf 82' lang='lat' dir='ltr'>so&#39;lo</span> <span class='ocrx_word' id='word_1_212' title='bbox 1261 2369 1496 2418; x_wconf 84' lang='lat' dir='ltr'>barbarico</span> <span class='ocrx_word' id='word_1_213' title='bbox 1518 2383 1602 2431; x_wconf 89' lang='lat' dir='ltr'>po·</span> 
     </span>
     <span class='ocr_line' id='line_1_32' title="bbox 310 2443 1165 2514; baseline -0.006 -19"><span class='ocrx_word' id='word_1_214' title='bbox 310 2450 422 2510; x_wconf 70' lang='lat' dir='ltr'>suit,</span> <span class='ocrx_word' id='word_1_215' title='bbox 442 2463 576 2514; x_wconf 80' lang='lat' dir='ltr'>atque</span> <span class='ocrx_word' id='word_1_216' title='bbox 596 2449 689 2497; x_wconf 88' lang='lat' dir='ltr'>illic</span> <span class='ocrx_word' id='word_1_217' title='bbox 712 2447 876 2496; x_wconf 88' lang='lat' dir='ltr'>milites</span> <span class='ocrx_word' id='word_1_218' title='bbox 900 2443 1165 2494; x_wconf 89' lang='lat' dir='ltr'>collocavit.</span> 
     </span>
    </p>
   </div>
  </div>
 </body>
</html>
