1637 2785
256 162 1194 216 ALEXANDERSEVERUS
1296 179 1383 227 ιφ

112 286 311 321 natorem
346 273 518 319 nullum
543 271 790 329 occiderit,
816 283 863 317 ut
893 272 1177 320 Herodianus
1201 274 1389 319 Graecus

111 347 300 409 scriptor
330 345 464 392 refert
491 344 537 390 in
563 344 686 390 libris
716 356 970 405 temporum
998 345 1190 391 suorum.
1215 345 1390 392 Severi·

112 420 213 466 tatis
242 431 389 465 autem
429 428 563 462 tantae
602 414 685 460 fuit
720 414 764 460 in
805 414 992 472 milites,
1024 429 1071 461 ut
1105 416 1215 478 saepe
1248 416 1392 479 legio-

113 508 190 539 nes
227 491 417 553 integras
455 488 839 546 exametoraverit,
866 504 921 534 ex
958 489 1174 535 militibus
1209 491 1393 550 Quirites

114 563 364 625 appellans;
389 577 471 608 nec
498 562 745 607 exercitum
776 577 971 621 unquam
1003 559 1229 616 timuerit,
1262 561 1396 608 idcir-

114 653 172 685 co
196 636 320 700 quod
344 636 390 682 in
419 634 555 683 vitam
579 634 698 680 suam
720 633 808 681 dici
832 633 941 679 nihil
968 634 1137 696 posset,
1162 635 1285 697 quod
1314 652 1396 680 un-

116 726 248 773 quam
276 709 445 756 tribuni
477 708 552 755 vel
577 708 708 755 duces
726 708 779 754 de
803 707 1031 768 stipendiis
1055 707 1245 753 militum
1263 707 1398 769 quid-

116 800 251 846 quam
284 782 577 844 accepiffent:
607 782 786 838 dicens,
805 785 930 828 Miles
958 799 1043 827 non
1068 784 1209 838 timec,
1228 782 1310 845 nist
1332 800 1399 826 ve-

102 857 257 922 stitus,
292 873 501 914 armatus,
540 861 767 912 calceatus,
804 853 845 901 δ’
868 857 1022 916 satur,
1052 852 1094 900 δ’
1135 856 1287 900 habens
1316 855 1401 900 ali-

118 931 220 990 quid
248 932 293 974 in
320 932 503 990 zonula:
530 927 703 974 idcirco
740 927 867 990 quod
895 925 1160 973 mendicitas
1196 925 1400 981 militaris

118 1001 172 1046 ad
196 1017 377 1048 omnem
405 999 757 1062 desperationem
787 1010 973 1045 vocaret
997 1010 1231 1046 armatum.
1254 1001 1403 1061 Appa-

120 1075 282 1122 ritores
311 1074 504 1138 denique
530 1074 681 1121 nullos
717 1073 801 1120 effe
834 1073 972 1136 passus
1002 1072 1089 1119 est:
1109 1072 1297 1120 tribunis
1328 1085 1404 1120 aut

121 1148 337 1205 ducibus,
366 1147 443 1194 nisi
479 1147 642 1194 milites
676 1146 844 1193 anteire
880 1145 1053 1201 voluit;
1084 1144 1321 1209 juffitque‚
1351 1158 1405 1192 ut

122 1232 224 1267 ante
269 1221 498 1267 tribunum
529 1231 725 1282 quatuor
760 1218 921 1264 milites
962 1217 1272 1274 ambularent,
1302 1230 1405 1264 ante

123 1294 281 1340 ducem
295 1328 310 1351 ‚
332 1292 401 1339 sex
415 1328 427 1349 ,
449 1304 550 1340 ante
576 1292 766 1356 legatum
780 1327 794 1352 ,
813 1291 993 1347 decem3
1014 1290 1151 1354 hique
1169 1292 1223 1338 ad
1243 1291 1407 1338 domos

123 1365 219 1412 suas
238 1366 556 1426 reciperentur.

189 1440 297 1486 LllI.
327 1440 383 1485 Et
415 1451 462 1484 ut
491 1436 701 1484 severitas
733 1435 826 1497 ejus
856 1434 1036 1499 agnosci
1068 1434 1241 1498 posset,
1270 1451 1406 1480 unam

125 1512 396 1559 concionem
419 1511 656 1558 militarem
682 1509 921 1556 indendam
953 1508 1135 1571 putavi,
1164 1525 1265 1570 quae
1290 1508 1408 1554 illius

126 1583 172 1631 in
197 1600 288 1629 rem
314 1584 547 1630 militarem
572 1599 720 1628 mores
750 1581 1015 1627 ostenderet.
1046 1582 1160 1626 Nam
1187 1596 1289 1626 cum
1316 1582 1409 1626 An-

128 1656 343 1704 tiochiam
375 1657 589 1713 venisset,
619 1673 668 1703 ac
701 1655 862 1701 milites
894 1654 1080 1700 lavacris
1119 1652 1411 1700 muliebribus

130 1732 179 1778 δέ
206 1729 375 1776 deliciis
399 1741 635 1784 vacarent,
660 1727 790 1788 eique
812 1727 1066 1773 nuntiatum
1088 1726 1222 1783 esset,
1250 1740 1412 1771 omnes

130 1820 209 1850 eos
255 1802 576 1864 comprehendi
619 1800 738 1862 juffit
762 1836 776 1856 ,
814 1800 861 1846 &
899 1799 945 1845 in
984 1798 1168 1846 vincula
1209 1796 1412 1858 conjici:

130 1875 256 1938 quod
283 1874 358 1920 ubi
385 1887 667 1936 compertum
697 1871 781 1930 est,
803 1885 924 1918 mota
957 1871 1113 1918 seditio
1139 1869 1200 1916 est
1227 1887 1251 1917 a
1275 1869 1415 1932 legio-

133 1964 190 1995 ne
207 1984 220 2005 ,
249 1947 378 2008 cujus
401 1947 508 1994 socii
533 1959 656 1994 erant
686 1945 733 1992 in
759 1944 943 1991 vincula
967 1942 1173 2005 conjeffi.
1197 1944 1314 1989 Tum
1341 1941 1415 1988 ille

133 2022 328 2069 tribunal
358 2020 580 2079 ascendit,
612 2018 861 2081 vinffisque
890 2017 1102 2064 omnibus
1136 2016 1189 2062 ad
1218 2014 1416 2061 tribunal

135 2096 356 2152 adductis,
384 2093 769 2142 circumstantibus
801 2090 931 2138 etiam
964 2089 1180 2136 militibus
1199 2123 1212 2144 ‚
1241 2089 1289 2134 &
1318 2086 1417 2151 qui-

136 2170 236 2215 dem
264 2168 463 2222 armatis,
484 2167 542 2214 ita
573 2166 745 2228 coepit:
773 2164 1107 2219 Commilitones‚
1121 2161 1171 2225 st
1191 2178 1324 2207 tamen
1343 2160 1418 2224 ista

137 2248 254 2292 vobis
271 2280 282 2300 ,
310 2262 394 2305 quae
419 2263 446 2288 a
466 2244 600 2309 vestris
624 2241 746 2300 fafla
759 2241 868 2301 sient
887 2274 898 2295 ‚
919 2239 1162 2298 displicent,
1196 2236 1421 2295 disciplina

139 2320 345 2377 majorum
376 2319 661 2377 rempublicam
687 2330 817 2360 tenet:
842 2331 926 2374 quae
942 2311 992 2375 si
1013 2312 1247 2365 dilabatur,
1273 2307 1314 2354 δ’
1340 2325 1420 2353 tzo-

138 2411 230 2439 metz
268 2394 506 2437 Romanum
542 2387 585 2435 G·
612 2391 824 2450 imperium
858 2389 1105 2431 amittemus.
1144 2385 1284 2442 Neque
1309 2384 1418 2426 enim

112 2492 118 2497 =
130 2466 211 2527 fich
236 2467 355 2511 nobis
375 2465 449 2530 ista
456 2463 654 2523 facienda
667 2462 795 2522 fimt,
815 2478 898 2522 qua:
911 2459 995 2521 sub
1016 2459 1180 2518 impura
1210 2458 1284 2501 illa
1302 2454 1419 2519 ὂςβὶα
