1714 2807
310 156 403 206 254
516 142 748 187 AELtl
815 141 1390 189 LAMPR1D11

307 246 538 294 exhiberet
560 246 694 294 tales:
726 264 810 292 una
842 247 912 294 die
938 248 1114 294 nonnisi
1141 249 1194 294 de
1221 247 1395 294 fasianis
1421 257 1594 294 tantum

305 319 456 365 ederet
472 353 486 375 ,
507 318 751 381 omnesque
769 319 915 366 miffus
933 319 1022 366 sola
1043 319 1312 367 fafianorum
1335 335 1467 367 carne
1487 319 1594 365 stru-

306 407 425 440 eret:
451 394 556 441 item
589 393 673 440 alia
699 394 768 440 die
801 394 855 440 de
885 394 1045 456 pullis,
1074 395 1156 441 alia
1182 395 1235 441 de
1264 393 1381 456 pisce
1411 394 1515 452 illo,
1544 395 1595 441 &

305 465 414 513 item
441 465 550 520 ilio,
568 465 652 512 alia
673 465 728 512 de
753 466 904 529 porcis
921 503 934 522 ,
953 467 1039 515 alia
1061 469 1114 513 de
1137 467 1487 525 struthionibus,
1510 466 1595 513 alia

304 540 362 586 de
394 539 652 597 holeribus,
683 539 764 586 alia
798 541 852 586 de
887 542 1062 602 pomis,
1093 541 1176 587 alia
1209 542 1262 587 de
1296 541 1482 592 dulciis,
1508 539 1596 586 alia

305 613 362 659 de
389 628 527 674 opere
555 611 752 658 lactatio.
783 613 907 673 Saepe
945 613 1115 659 amicos
1153 614 1255 659 suos
1283 630 1382 659 cum
1416 611 1595 659 AEthio·

305 684 437 747 pibus
476 682 663 730 aniculis
701 684 880 730 inclulit
917 686 1149 731 nocturnis
1184 686 1508 740 mansionibus,
1543 683 1594 731 δε

305 757 448 820 usque
468 758 523 803 ad
546 757 691 803 lucem
714 756 932 811 detinuit,
955 774 1058 803 cum
1088 758 1408 819 pulcherrimas
1437 757 1504 803 his
1526 756 1595 802 di-

303 842 428 875 ceret
457 843 700 891 apparatas.
737 828 857 875 Fecit
885 828 974 874 hoc
1008 829 1124 874 idem
1160 829 1292 874 etiam
1325 829 1378 874 de
1415 826 1592 887 pueris:

303 904 357 949 &
381 915 488 949 tunc
509 938 522 959 ,
554 915 713 964 utpote
737 915 839 948 ante
871 901 1160 965 Philippum,
1192 901 1367 949 licebat.
1401 900 1592 947 Ridebat

305 987 453 1020 autem
483 974 541 1021 sic
575 990 929 1036 nonnunquam,
958 987 1006 1021 ut
1034 974 1215 1036 publice
1244 974 1288 1020 in
1320 975 1495 1020 theatro
1520 972 1593 1018 so-

304 1045 374 1091 lus
401 1045 652 1092 audiretur:
686 1045 778 1108 ipse
806 1046 1009 1093 cantavit
1025 1081 1040 1103 ,
1065 1045 1272 1104 saltavit,
1297 1045 1350 1092 ad
1375 1043 1504 1090 tibias
1523 1041 1594 1089 di·

304 1120 401 1177 xit,
425 1121 530 1166 tuba
559 1120 750 1178 cecinit,
777 1119 1112 1182 pandurizavit‚
1139 1136 1310 1183 organo
1338 1118 1593 1165 modulatus

300 1193 381 1239 est.
413 1196 569 1239 Fertur
598 1193 647 1240 &
676 1208 762 1239 una
792 1192 863 1238 die
882 1192 934 1238 ad
969 1209 1123 1240 omnes
1163 1192 1305 1250 circi,
1339 1193 1388 1239 &
1410 1189 1593 1247 theatri,

302 1266 355 1311 &
385 1263 730 1325 amphitheatri,
758 1264 807 1310 ὅ(
850 1265 1053 1310 omnium
1090 1264 1226 1311 Urbis
1258 1264 1467 1312 locorum
1495 1277 1592 1307 me·-

302 1333 515 1392 setrices‚
544 1335 681 1382 tectus
711 1335 951 1382 cuculione
981 1336 1263 1395 mulionico,
1297 1353 1351 1383 ne
1377 1334 1591 1400 agnosce-

303 1423 406 1466 tur,
435 1408 675 1470 ingress‘us3
711 1426 814 1456 cum
853 1421 1002 1456 tamen
1037 1410 1248 1458 omnibus
1283 1408 1592 1457 meretricibus

302 1481 395 1528 fine
423 1479 581 1528 effectu
611 1481 811 1529 libidinis
846 1499 1005 1530 aureos
1034 1483 1252 1542 donaret,
1288 1482 1478 1540 addens,
1506 1484 1593 1527 Ne-

303 1574 371 1601 mo
383 1556 523 1616 sciat,
550 1555 802 1601 Antoninus
831 1558 914 1601 lucc
947 1559 1094 1603 donat.

369 1628 582 1675 XXXIII.
615 1627 873 1674 Libidinum
897 1645 1057 1690 genera
1079 1628 1281 1691 quaedam
1308 1626 1512 1684 invenit,
1542 1637 1593 1672 ut

302 1700 543 1763 spinthrias
583 1715 787 1747 veterum
833 1703 1052 1748 malorum
1087 1701 1312 1749 vinceret:
1349 1702 1395 1747 ἃ
1433 1713 1593 1746 omnes

303 1784 540 1833 apparatus
559 1771 751 1830 Tiberii,
774 1775 821 1820 &
841 1773 1077 1836 Caligulae,
1091 1776 1138 1821 δι
1153 1773 1350 1820 Neronis
1369 1783 1514 1819 norat.
1534 1772 1592 1819 Et

304 1845 570 1908 praedictum
600 1845 743 1893 eidem
775 1860 868 1892 erat
898 1864 922 1893 a
954 1846 1256 1894 sacerdotibus
1288 1846 1446 1910 Syris,
1486 1844 1591 1891 bio-

303 1919 535 1966 thanatum
556 1918 596 1964 se
616 1918 830 1966 futurum.
861 1921 1099 1967 Pai‘averat
1125 1919 1259 1983 igitur
1283 1919 1434 1975 funes,
1454 1917 1593 1963 blatta
1631 1972 1635 1975 ¹

305 1993 359 2039 &
389 1991 529 2039 serico
552 1993 601 2039 &
627 2008 773 2039 cocco
803 1994 1027 2048 intortos,
1054 1993 1241 2055 quibuS,
1274 1993 1308 2042 fi
1331 1990 1500 2037 necess'e
1530 1989 1593 2036 es-

305 2066 403 2123 set,
432 2066 594 2128 laqueo
623 2067 763 2113 vitam
791 2067 953 2113 finiret.
984 2069 1215 2113 Paraverat
1248 2068 1296 2112 &
1322 2064 1489 2129 gladios
1517 2081 1594 2110 au-

306 2152 412 2182 reos
430 2171 444 2193 ,
465 2136 626 2200 quibus
645 2137 684 2184 se
707 2137 965 2193 occideret,
988 2138 1015 2183 fi
1033 2138 1181 2200 aliqua
1209 2137 1277 2183 vis
1299 2148 1487 2197 urgeret.
1509 2135 1593 2180 Pa-

308 2223 485 2256 raverat
522 2211 571 2256 &
604 2209 649 2255 in
687 2210 914 2257 cerauneis
949 2211 997 2258 ὅ(
1034 2210 1294 2273 hyacinthis
1327 2212 1372 2255 ὃ(
1404 2209 1448 2254 in
1478 2206 1593 2253 sma-

307 2283 457 2363 ragdis
480 2300 681 2341 venena,
706 2283 866 2346 quibus
896 2283 934 2329 se
961 2283 1263 2339 interimeret,
1298 2281 1324 2328 fi
1356 2280 1460 2342 quid
1493 2295 1595 2342 gra-

309 2355 412 2401 vius
446 2355 710 2402 immineret.
740 2358 918 2403 Fecerat
940 2357 988 2403 ὅι
1013 2355 1256 2401 altissimam
1279 2353 1462 2408 turrim,
1491 2352 1596 2397 sub-

311 2426 456 2475 stratis
489 2427 632 2476 aureis
657 2426 972 2494 gemmatisque
998 2440 1099 2475 ante
1134 2426 1319 2485 tabulis,
1346 2442 1400 2473 ex
1428 2439 1515 2488 qua
1551 2421 1594 2470 se
