1714 2807
308 171 360 202 10
578 158 793 213 JULII
846 158 1346 208 CAPITOLINI

296 261 411 308 scios
440 261 611 325 generis
642 262 702 309 sui
736 263 983 311 interemit:
1018 265 1264 313 nonnullos
1297 265 1427 313 etiam
1455 267 1570 315 anii-

296 351 398 392 cos,
415 336 491 398 qui
519 335 558 381 ei
584 335 695 397 saepe
725 336 1039 384 misericordiae
1064 355 1115 386 ac
1135 338 1309 401 pietatis
1327 338 1450 386 causa
1473 341 1568 403 ple·

294 426 428 471 taque
462 411 753 458 donaverant.
789 429 932 476 neque
957 414 1073 460 enim
1108 414 1193 461 fuit
1227 416 1446 463 crudelius
1468 417 1568 463 ani·

292 486 381 530 mal
418 484 461 530 in
493 486 645 532 terris:
680 487 831 533 omnia
869 488 926 533 fic
957 488 1002 533 in
1037 488 1204 536 viribus
1242 489 1327 537 suis
1364 507 1568 553 ponens,

291 554 408 616 quali
434 572 527 602 non
550 557 688 618 poffet
713 557 873 604 occidi.
903 558 1115 621 Denique
1138 577 1239 607 cum
1267 561 1565 610 immortalem

291 627 333 674 se
367 645 508 692 prope
545 631 739 678 crederet
772 632 833 677 ob
867 633 1216 695 magnitudinem
1256 624 1461 697 corporis
1499 636 1566 683 sui

291 700 574 758 virtutisane,
595 702 754 749 mimus
773 702 948 766 quidam
969 704 1218 762 intheatro,
1237 707 1448 768 praesente
1468 708 1566 761 illo,

289 772 452 820 dicitur
474 792 620 820 verm„
640 778 825 823 Graecos
847 775 1000 824 dixisse
1014 812 1028 836 ‚
1045 793 1240 840 quorum
1263 780 1358 828 haec
1377 793 1468 827 erat
1486 783 1567 828 La-

292 849 379 892 tina
407 845 642 894 semei-tia:

351 921 395 962 E
398 935 414 962 c
429 922 499 979 qui
522 923 574 964 ab
593 939 676 965 uno
698 940 782 967 non
796 923 924 986 potest
938 926 1094 978 occidi,
1115 942 1141 968 a
1161 928 1304 972 multis
1324 927 1532 975 occiditur.

351 993 394 1035 E
399 994 538 1051 lcplzas
551 997 725 1054 grandis
743 995 795 1059 est
813 1030 823 1050 ‚
845 993 887 1039 δ’
911 999 1138 1044 occiditur.-

351 1067 432 1110 Leo
443 1065 574 1122 fbf-tls
595 1068 669 1127 est,
696 1065 738 1112 δ’
755 1070 949 1114 occiditur
963 1087 980 1115 .·

355 1139 629 1198 Tigrisfimis
648 1142 699 1205 est
710 1177 723 1197 ‚
745 1140 787 1186 δ’
805 1146 1029 1188 occiditur:

356 1211 465 1256 Cave
481 1217 632 1258 multos
649 1248 660 1268 ‚
669 1213 914 1277 ststrzgulos
932 1234 1016 1260 nort
1038 1217 1167 1263 times.

287 1283 341 1330 Et
362 1284 456 1330 haec
475 1287 745 1346 Imperatore
765 1287 859 1348 ipso
881 1288 1093 1349 praesente
1115 1288 1201 1347 jam
1224 1289 1338 1336 dieta
1362 1289 1473 1337 sunt.
1493 1289 1563 1337 sed

287 1370 389 1400 cum
423 1355 698 1402 Maximinus
727 1356 1020 1420 interrogaret
1049 1361 1245 1417 amicos,
1277 1362 1384 1423 quid
1417 1362 1566 1407 mimi-

287 1441 367 1473 cus
401 1426 548 1474 scurra
582 1428 781 1485 dlxisset3
814 1430 975 1477 diuum
1015 1432 1075 1477 est
1109 1432 1172 1485 ei,
1203 1434 1327 1495 quod
1356 1433 1566 1497 antiquos

287 1499 439 1546 versus
469 1514 696 1559 cantaret,
723 1516 878 1549 contra
901 1503 1107 1550 homines
1140 1504 1318 1567 asperos
1351 1505 1564 1568 scriptos:

288 1574 338 1620 ὅ(
364 1573 465 1632 ille,
494 1588 544 1622 ut
575 1589 668 1623 erat
694 1577 847 1624 Thrax
873 1580 923 1626 ὃ(
955 1578 1194 1636 barbarus,
1232 1578 1433 1626 credidit.
1463 1581 1564 1626 No-

287 1646 421 1692 bilem
445 1648 558 1695 circa
579 1649 618 1696 se
640 1651 861 1697 neminem
885 1651 1024 1714 paffus
1050 1651 1133 1708 est,
1154 1652 1333 1713 prorsus
1360 1664 1409 1698 ut
1430 1653 1566 1715 Spar-

288 1720 373 1767 taci
405 1734 479 1767 aut
510 1723 777 1770 Athenionis
812 1725 1022 1786 exemplo
1059 1724 1309 1786 imperaret.
1349 1726 1565 1771 Praeterea

287 1805 444 1838 omnes
475 1795 715 1841 Alexandri
744 1795 969 1842 ministros
997 1795 1129 1841 variis
1160 1796 1305 1842 modis
1326 1796 1567 1842 interemit.

287 1862 672 1925 Dispositionibus
697 1866 790 1929 ejus
813 1867 993 1914 invidit.
1021 1868 1068 1915 &
1093 1868 1198 1913 dum
1234 1867 1454 1928 suspefilos
1489 1868 1565 1914 ha-

286 1935 364 1982 bet
387 1937 555 1984 amicos
576 1956 625 1987 ac
648 1939 872 1986 ministros
898 1939 1016 2001 ejus,
1037 1939 1262 1987 crudelior
1283 1939 1420 1988 faetus
1440 1941 1516 1987 est.

352 2010 413 2056 X.
440 2011 557 2055 Cum
587 2011 692 2057 esset
717 2012 774 2058 ita
799 2025 995 2059 moratus
1012 2048 1024 2068 ‚
1044 2029 1091 2058 ut
1118 2012 1306 2059 ferarum
1337 2030 1464 2061 more
1492 2013 1567 2061 vi-

289 2094 446 2139 veret,
469 2082 636 2129 tristior
663 2086 711 2131 &
739 2084 974 2131 immanior
1000 2084 1136 2132 fastus
1165 2085 1224 2131 est
1253 2085 1446 2132 faffione
1469 2088 1566 2133 Ma·

285 2154 363 2216 gni
392 2153 613 2214 cujusdam
640 2156 883 2202 consularis
918 2156 1006 2202 viri
1034 2170 1191 2204 contra
1220 2157 1259 2204 se
1290 2172 1463 2219 parata:
1486 2159 1564 2221 qui

287 2243 387 2273 cum
408 2228 558 2275 multis
577 2229 790 2275 militibus
812 2231 858 2275 ὅ(
879 2229 1236 2276 Centurionibus
1255 2231 1310 2276 ad
1330 2247 1430 2276 eum
1449 2247 1566 2278 con-

286 2299 547 2348 fodiendum
577 2301 813 2349 consilium
843 2302 1027 2358 inierat,
1057 2320 1157 2349 cum
1189 2303 1234 2349 in
1257 2304 1297 2351 se
1325 2304 1562 2367 imperium

287 2373 522 2420 transferre
545 2388 738 2436 cuperet.
760 2375 814 2420 Et
834 2391 969 2436 genus
993 2376 1197 2423 fixffionis
1219 2376 1304 2424 fuit
1330 2378 1430 2425 tale.
1457 2394 1562 2424 cum

286 2459 425 2509 ponte
436 2446 591 2509 junii-0
608 2448 651 2494 in
666 2450 917 2496 Germanos
930 2449 1106 2497 transire
1122 2449 1391 2499 Maximinus
1406 2450 1561 2509 vellet,
