1637 2785
200 315 452 386 AELII
529 315 1174 386 SPARTIANI

89 485 1281 562 HADRIANUS

337 660 1047 717 IMPERATOR

639 799 732 840 AD

236 935 726 984 DIOCLETIANUM
766 938 1132 986 AUGUSTUM.

442 1087 923 1108 b———..-..-.

47 1223 81 1270 l.
118 1179 346 1269 ORIGO
368 1217 653 1281 Imperatoris
673 1217 883 1264 Hadriani
900 1217 1152 1266 vetustiora
1171 1219 1331 1269 Picens

46 1295 191 1350 tibus,
211 1292 434 1355 posterior
452 1292 507 1339 ab
526 1291 890 1354 Hispanienfibus
917 1303 1089 1340 manat:
1114 1293 1330 1358 liquidem

49 1366 218 1414 Hadria
249 1379 377 1413 ortos
405 1365 598 1427 majores
619 1365 748 1423 suos,
768 1364 885 1426 apud
910 1364 1101 1411 Italicam
1117 1401 1131 1422 ‚
1154 1368 1332 1431 Scipio-

48 1457 156 1487 num
185 1437 494 1501 temporibus,
524 1437 752 1496 resedisse,
779 1437 824 1482 in
847 1436 970 1482 libris
997 1437 1101 1484 vitae
1126 1439 1212 1486 suae
1236 1443 1332 1489 Ha-

47 1513 230 1558 drianus
259 1511 352 1574 ipse
385 1525 724 1557 commemorat.
766 1511 992 1556 Hadriano
1033 1525 1156 1573 pater
1189 1515 1331 1563 AElins

46 1584 298 1631 Hadrianus
317 1619 332 1641 ‚
363 1596 675 1646 cognomento
708 1581 815 1628 Afer
835 1617 848 1639 ,
875 1581 961 1628 fuit
979 1617 994 1638 ,
1028 1584 1330 1636 consobrinus

48 1656 235 1718 Trajani
255 1657 567 1718 Imperatori33
586 1670 724 1701 mater
740 1691 754 1713 ,
778 1654 986 1700 Domitia
1007 1656 1213 1718 Paulina,
1235 1661 1332 1708 Ga-

49 1729 180 1775 dibus
199 1743 321 1784 orta;
341 1728 493 1787 soror,
517 1729 702 1775 Paulina
723 1763 736 1785 ,
762 1739 897 1789 nupta
915 1727 1163 1786 Serviano;
1185 1749 1331 1792 uxor‚

49 1800 241 1856 Sabina3
271 1813 457 1859 atavus,
491 1800 794 1863 Maryllinus,
815 1800 891 1862 qui
917 1800 1084 1849 orimus
1106 1801 1150 1848 in
1174 1804 1245 1850 sua
1269 1806 1333 1853 fa-

49 1873 174 1919 milia
202 1872 378 1918 senator
396 1873 555 1936 populi
576 1873 771 1919 Romani
793 1872 887 1919 fuit.
910 1872 1051 1919 Natus
1070 1874 1129 1920 est
1148 1876 1334 1938 Romae,

49 1948 116 1993 IX
139 1947 241 1992 Kal.
261 1947 385 1993 Febr.
414 1946 686 2009 Vespasiano
716 1946 872 2008 septies
894 1948 944 1994 &
960 1947 1069 1993 Tito
1092 1949 1333 2013 quinquies

49 2019 338 2067 Consulibus.
368 2022 436 2067 Ac
463 2020 640 2068 decimo
670 2020 808 2066 aetatis
834 2037 955 2066 anno
982 2033 1104 2083 patre
1123 2023 1333 2082 orbatus,

49 2094 238 2157 Ulpium
275 2094 555 2155 Traianum,
590 2094 850 2157 praetorium
883 2094 1061 2153 virum,
1096 2096 1337 2143 consobri-

53 2183 161 2212 num
180 2166 303 2213 suum
319 2202 334 2224 ‚
362 2167 442 2230 qui
463 2167 612 2230 postea
633 2167 872 2228 imperium
892 2167 1060 2222 tenuit,
1083 2167 1130 2213 &
1158 2167 1336 2215 Celium

51 2240 281 2286 Attianum
298 2276 311 2299 5
326 2240 519 2303 equitem
544 2242 800 2286 Romanum
819 2276 832 2297 ‚
858 2253 1029 2286 tutores
1056 2239 1232 2285 habuit:
1251 2240 1336 2286 im-

52 2312 272 2375 butusque
305 2312 541 2375 impenfius
562 2313 734 2359 Graecis
760 2311 908 2358 studiis
923 2348 936 2368 ‚
957 2311 1138 2374 ingenio
1164 2309 1256 2370 ejus
1276 2311 1334 2359 fic

52 2385 109 2432 ad
132 2402 182 2433 ea
199 2386 471 2443 declinante,
493 2399 540 2432 ut
559 2403 581 2432 a
600 2385 833 2432 nonnullis
856 2386 1070 2430 Graculus
1097 2383 1336 2431 diceretur.

121 2461 172 2505 ll.
210 2459 569 2518 Quintoclecimo
589 2475 710 2506 anno
731 2460 784 2505 ad
805 2458 991 2521 patriam
1010 2456 1166 2503 rediit:
1186 2473 1237 2505 ac
1255 2456 1336 2503 sta·

121 2531 287 2591 Scripta.
317 2532 379 2578 H.
410 2535 471 2577 A.
981 2533 1021 2574 A
1058 2546 1084 2574 2
