1714 2807
297 168 384 216 228
423 168 524 213 AEL
548 164 768 212 LAMPR.
790 163 1539 216 ANTONIN.D1ADUMENUS.

293 290 384 319 tur:
409 290 483 327 ne,
497 271 546 334 st
571 268 721 332 occafio
741 268 875 327 ficerit
935 286 1012 314 nos
1037 272 1289 317 interimant.
1318 272 1396 327 Et,
1429 287 1573 332 quan-

292 356 389 390 tum
411 342 583 389 Lollius
609 341 807 388 Urbicus
835 303 1077 388 inliistoria
1103 341 1166 388 sui
1193 342 1409 403 temporis
1437 343 1573 400 dicit,

292 415 384 463 istae
411 414 548 460 literae
577 428 654 474 per
687 411 907 457 notarium
935 413 1153 473 proditae,
1178 412 1243 458 illi
1280 428 1420 473 puero
1452 413 1573 474 mul-

293 501 388 536 tum
415 487 531 550 apud
555 484 716 531 milites
735 483 921 530 obfuisse
949 484 1174 531 dicuntur.
1205 486 1320 530 Nam
1337 520 1349 541 ,
1370 502 1469 532 cum
1493 502 1573 547 pa-v

293 573 407 608 trem
433 557 722 614 occidiss'ent,
748 556 924 618 quidam
951 556 1071 604 hunc
1106 557 1279 604 servare
1305 556 1572 605 voluerunt:

293 631 368 680 sed
394 630 556 678 exstitit
589 628 909 683 cubicularius,
937 629 1112 689 quibas
1145 629 1351 690 epistolas
1382 631 1572 676 concio-

294 707 342 754 ni
367 706 557 752 militum
583 703 701 764 legit.
724 701 966 749 Interfeffis
995 702 1128 764 igitur
1157 704 1377 749 ambobus
1393 739 1405 759 ,
1428 706 1476 751 &
1496 720 1572 751 ca-

293 780 459 844 pitibus
480 777 574 839 pilo
603 775 901 833 circumlatis,
924 776 969 821 in
995 777 1199 823 Marcum
1229 775 1457 822 Aurelium
1475 779 1570 823 An-

293 852 504 899 toninum
519 885 532 905 ‚
558 849 738 895 caritate
766 847 962 893 nominis
979 882 991 904 ,
1017 846 1256 894 inclinavit
1277 849 1511 895 exercitus.
1532 850 1570 895 Is

295 925 414 972 filius
444 922 627 970 Baffiani
652 921 872 968 Caracalli
904 920 1137 968 ferebatur.
1157 922 1261 967 Erat
1291 935 1437 967 autem
1459 934 1571 967 tem-

294 999 358 1060 pli
388 995 664 1060 Heliogabali
696 995 926 1051 sacerdos,
954 994 1095 1041 homo
1128 993 1331 1040 omnium
1364 993 1570 1055 impuris-

294 1071 426 1117 fimus
444 1104 457 1126 ‚
481 1072 528 1117 ὃ(
551 1069 627 1132 qui
655 1067 748 1114 fato
778 1068 973 1131 quodam
1000 1068 1256 1115 Romanum
1285 1065 1571 1113 deformave-

296 1142 354 1189 rit
384 1141 631 1203 imperium.
654 1141 726 1187 De
752 1155 844 1199 quo
865 1138 1046 1201 quidem
1062 1175 1075 1200 ,
1100 1139 1203 1204 quia
1225 1137 1363 1187 multa
1385 1136 1484 1186 sunt
1503 1137 1571 1193 di2

296 1216 464 1276 tenda,
480 1215 588 1263 loco
615 1212 695 1261 suo
722 1212 935 1261 differam.

799 1415 1121 1444 u————-a'
