1637 2785
254 148 509 197 DIVUS
556 148 1110 195 AURELIANUS.
1253 166 1338 211 ¹59

57 253 181 302 liano
201 255 404 315 Principe
436 254 639 314 scriptam
657 289 670 309 ‚
700 268 830 314 quam
859 255 912 299 ad
939 255 1155 308 verbum,
1182 266 1230 300 ut
1266 255 1340 301 de-

59 327 212 382 cebat,
234 326 409 372 inserui.
441 327 693 370 Valerianus
718 327 927 388 Augustus
961 329 1186 372 Antonino
1211 328 1340 372 Gallo

62 400 243 458 Considi.
268 400 421 458 Calpas
446 416 506 442 me
513 396 807 455 farrziliaribus
826 400 951 442 literis
967 432 980 454 ,
999 402 1110 457 quod
1130 400 1341 464 Postumio

45 472 186 531 filiurn
206 489 336 515 meum
358 471 601 516 Gallienum
618 503 629 520 ‚
650 472 785 530 magis
806 487 928 528 quarn
948 472 1180 515 Aureliano
1196 507 1205 524 ‚
1225 489 1341 516 conz-

58 545 237 604 miskrim
257 561 273 588 .·
298 561 387 589 cum
406 545 544 602 utique
567 539 814 600 &fivcriori
830 537 871 584 δ’
889 558 994 600 puer
1013 544 1233 587 credendus
1241 543 1342 601 fue·

58 619 113 664 rit
146 615 186 662 G*
215 619 414 662 exercitus
432 632 448 661 .·
481 634 551 660 nec
577 633 620 659 tu
657 617 704 659 id
727 615 887 659 diutius
913 612 1158 671 judicabis,
1173 615 1223 677 si
1249 617 1343 662 bene

47 690 216 751 flieris,
249 706 411 751 quantae
424 690 486 753 sit
516 691 773 734 Aurelianus
792 690 1042 748 severitatis.
1063 692 1221 734 nimius
1255 690 1307 752 est
1326 724 1342 743 ,

58 767 215 808 multus
252 765 331 828 est,
368 765 509 824 gravis
540 763 612 827 qst,
643 760 684 808 G*
715 765 775 806 ad
810 761 945 825 nostra
975 762 1070 817 jam
1110 779 1195 806 non
1226 761 1343 819 facit

59 851 254 896 tempora.
285 837 418 902 Testor
431 854 563 882 autem
588 853 726 882 omnes
746 837 868 881 Deos
881 869 894 890 ‚
917 854 979 880 nze
999 838 1120 881 etiam
1140 836 1266 880 timui
1260 834 1343 897 βξ,

60 929 109 956 ne
137 914 237 971 quid
260 914 382 956 etiarn
401 929 496 972 erga
512 911 654 969 filium
684 928 815 955 meum
839 910 1047 969 severius,
1066 909 1116 972 st
1145 910 1247 968 quid
1275 911 1343 953 ille

51 983 136 1041 feci
170 1000 206 1028 et
240 984 319 1043 (ut
349 984 401 1048 est
433 999 584 1028 natura
606 1000 766 1042 pronus
792 985 851 1026 ad
876 979 1068 1042 ludicra)
1103 984 1254 1037 levius,
1278 999 1346 1025 co·
1394 1005 1399 1010 ·

60 1057 221 1116 giraret.
252 1057 361 1101 Haec
390 1055 575 1116 epistola
609 1054 801 1110 indicat,
821 1066 996 1114 quantae
1019 1051 1151 1097 fuerit
1174 1052 1344 1098 severi-

62 1128 190 1184 tatis,
220 1141 267 1173 ut
302 1128 426 1174 illum
455 1126 716 1174 Valerianus
747 1126 881 1174 etiam
918 1126 1107 1172 timuiss‘e
1140 1126 1181 1172 se
1211 1126 1346 1174 dicat.

126 1203 204 1248 IX.
236 1204 289 1246 Et
313 1200 506 1259 ejusdem
534 1200 757 1247 Valeriani
785 1199 869 1245 alia
901 1199 961 1245 est
995 1197 1210 1260 epistola,
1242 1216 1345 1261 quae

62 1274 213 1321 laudes
249 1275 367 1320 illius
399 1274 631 1321 continet:
659 1290 794 1337 quam
830 1289 914 1336 ego
947 1290 1002 1318 ex
1034 1272 1203 1319 scriniis
1235 1290 1346 1334 prae=

62 1346 240 1393 fefflurae
272 1348 450 1393 urbanae
482 1347 664 1408 protuli.
694 1364 795 1393 nam
823 1345 888 1392 illi
917 1347 1107 1392 Romam
1139 1346 1345 1393 venienti

63 1419 216 1467 salaria
241 1420 304 1465 sui
331 1419 502 1466 ordinis
534 1419 633 1466 sunt
657 1420 847 1466 decreta.
880 1418 1145 1480 Exemplum
1178 1419 1346 1479 episto-

64 1493 144 1538 lae:
170 1494 423 1538 Valerianus
442 1492 652 1557 Augustus
682 1491 850 1548 Cejonio
881 1492 1040 1535 Albino
1065 1489 1255 1547 Praefeffo
1276 1509 1347 1534 ur-

64 1568 121 1611 bi.
148 1570 350 1611 Vellemus
377 1567 536 1625 quidem
543 1564 732 1627 singulis
749 1563 968 1623 quibusque
985 1564 1120 1606 devoti
1142 1565 1252 1608 ‘imis
1269 1567 1348 1608 rei-

57 1642 230 1701 publica
256 1643 357 1684 viris
393 1643 524 1684 multo
555 1639 719 1693 majora
756 1635 905 1694 defirre
926 1637 1170 1696 compendia
1190 1671 1199 1690 ,
1218 1655 1345 1696 quam

65 1732 199 1759 eorum
239 1715 422 1774 dignitas
452 1712 667 1774 postulat,·
704 1713 889 1754 maxime
923 1712 993 1754 ubi
1035 1711 1226 1755 honorem
1257 1713 1347 1755 vita.

66 1787 338 1830 commendat.
369 1785 477 1828 debet
502 1786 608 1828 enirn
634 1783 758 1841 quid,
781 1796 927 1840 prater
958 1781 1228 1841 dignitatem,
1252 1799 1348 1840 pre-

65 1861 169 1905 tium
198 1857 271 1921 effe
298 1860 544 1902 meritorum.
579 1857 664 1901 Sed
682 1854 795 1912 facit
821 1856 932 1914 rigor
953 1855 1147 1913 publicus
1164 1889 1178 1911 ‚
1205 1870 1250 1898 ut
1274 1872 1350 1899 ac-

66 1933 190 1991 cipere
219 1934 266 1975 de
287 1932 598 1990 provinciarum
629 1927 905 1972 oblationibus
941 1929 1048 1972 ultra
1085 1929 1246 1972 ordinis
1269 1927 1347 1985 fili

66 2005 241 2065 gradum
264 2021 379 2047 nemo
400 2006 498 2061 plus
520 2000 655 2063 poffit.
675 2002 948 2045 Aurelianum
965 2034 977 2053 ‚
990 1998 1261 2061 fortiffimunz
1282 2003 1349 2045 vi*

69 2095 184 2132 rum,
210 2079 268 2121 ad
294 2077 548 2135 inspicienda
577 2072 620 2118 δ’
650 2076 888 2119 ordinanda
918 2073 1044 2136 castra
1067 2075 1210 2118 omnia
1232 2075 1348 2138 desti-

4 2174 5 2179 *
69 2153 262 2195 navimus
283 2168 297 2194 :
326 2150 389 2194 cui
416 2164 579 2193 tantum
598 2166 624 2192 a
651 2150 796 2202 nobis,
819 2164 936 2206 atque
960 2147 1011 2190 ab
1037 2148 1154 2191 omni
1176 2148 1351 2204 republi-

68 2241 144 2276 ca,
176 2225 383 2268 communi
410 2224 535 2267 totius
566 2224 764 2276 exercitus
797 2219 1062 2280 confeſjz'one,
1093 2221 1275 2276 debetur,
1305 2235 1352 2265 ut

69 2297 200 2354 digna
233 2297 306 2338 illo
332 2294 410 2338 vix
429 2296 598 2353 aliqua,
626 2298 693 2338 vel
716 2295 844 2337 nimis
872 2311 1027 2353 magna
1040 2293 1135 2356 sint
1167 2311 1351 2340 munera.

75 2365 196 2424 Quid
222 2367 327 2408 enim
355 2366 399 2409 in
423 2367 496 2408 illo
517 2382 604 2408 nort
622 2367 815 2408 clarum?
840 2367 941 2423 quid
962 2382 1047 2408 non
1084 2365 1275 2408 Corvinis
1308 2361 1351 2408 ὃ·

71 2437 336 2496 Scipionibus
372 2435 658 2495 conserendum
687 2438 712 2482 ἑ
743 2439 818 2482 Ille
846 2438 1033 2483 liberator
1062 2437 1226 2496 lllyrici
1240 2469 1256 2494 ,
1284 2438 1352 2482 ille
