1637 2785
265 122 547 170 PROBUS
599 119 1070 169 lMPERATOR.
1228 138 1317 183 ης

42 246 161 291 EST,
182 238 382 279 VICTOR
412 243 637 278 οΜΝιυΜ
661 243 904 277 GENTIUM
935 240 1319 291 BARBARARUM,
1354 262 1358 268 ,

38 319 240 352 vim-on
271 317 435 351 ETIAM
462 316 856 352 TYRANNORUM.
1325 298 1328 300 ’

105 379 252 425 XXII.
292 376 547 423 Conferens
580 392 665 438 ego
701 393 803 423 cum
843 376 940 422 aliis
973 379 1325 441 Imperatoribus

42 449 295 511 Principem
328 448 551 505 Probum,
580 448 793 494 omnibus
828 465 971 511 prope
996 451 1213 498 Romanis
1246 453 1326 498 du-

44 522 170 568 cibus
188 557 201 578 ,
231 521 305 584 qui
337 520 508 577 fortes,
536 520 614 584 qui
647 520 889 567 clementes
907 521 928 579 ‚'
950 523 1028 583 qui
1055 524 1327 584 prudentes',

43 594 123 657 qui
164 594 384 641 mirabiles
428 592 722 650 exstiterunt,
754 592 960 656 intelligo
1002 594 1122 641 hunc
1174 597 1326 644 virum

45 683 196 729 parem
227 667 381 724 fuifl'e,
409 679 513 723 aut,
535 666 567 712 fi
597 682 690 712 non
724 679 941 730 repugnat
973 666 1148 720 invidia
1179 667 1326 716 furio-

45 739 116 797 sa,
140 740 388 786 meliorem.
421 739 754 802 Quinquennio
788 741 908 785 enim
941 739 1118 803 imperii
1150 741 1214 788 sui
1248 734 1327 804 per

45 826 194 859 totum
225 813 380 858 orbem
407 824 626 858 terrarum
654 825 725 859 tot
750 812 863 859 bella
898 812 1050 876 geffit,
1081 815 1129 862 δε
1148 807 1332 878 (Ῑιιίἀειὴ

47 885 181 949 perse
196 920 209 944 ,
230 897 278 931 ut
293 886 589 942 mirabilefit,
613 885 994 949 quemadmodum
1017 886 1228 934 omnibus
1246 896 1335 936 oc-‘

45 959 235 1006 currerit
258 959 440 1020 proeliis.
470 959 611 1006 Multa
640 975 772 1005 manu
796 958 868 1004 sua
893 957 1031 1014 fecit,
1062 959 1196 1006 duces
1216 972 1329 1020 prae⁴

48 1031 310 1078 clarissimos
338 1021 541 1078 instituit.
568 1047 668 1078 nam
691 1047 747 1077 ex
777 1030 871 1091 ejus
889 1024 1132 1092 'disciplina
1152 1032 1294 1078 Carus
1315 1066 1330 1090 ,

46 1100 392 1158 Diocletianus,
413 1103 704 1150 Constantius
728 1139 742 1161 ‚
772 1103 1148 1164 Asclepiodotus,
1180 1104 1331 1150 Anni-

48 1176 246 1222 balianus
265 1211 278 1232 ‚
316 1176 563 1235 Leonides,
591 1176 873 1237 Cecropius,
911 1176 1174 1223 Pisonianus
1193 1211 1207 1234 ‚
1241 1165 1348 1222 ΗΕᾸῖ

49 1248 318 1305 rennianus,
341 1234 623 1303 Gatidiosus,
646 1243 939 1302 Urfinianus3
967 1246 1205 1294 Herculius
1234 1249 1332 1294 Ma-

50 1320 298 1375 ximianus,
318 1323 366 1368 &
386 1318 547 1378 ceteri,
568 1335 685 1382 quos
709 1324 855 1382 patres
875 1319 1016 1366 nostri
1036 1320 1183 1367 mirati
1209 1311 1344 1381 sun’tJ

50 1396 101 1443 &
127 1394 181 1440 de
210 1394 373 1455 quibus
400 1391 613 1438 nonnulli
635 1392 755 1439 boni
778 1392 1006 1456 Principes
1033 1392 1298 1440 exstiterunt
1318 1431 1333 1453 ‚

48 1465 237 1512 instituti
272 1463 383 1510 sunt.
414 1463 645 1511 Conferat
668 1481 820 1523 nunc,
854 1466 924 1511 cui
968 1464 1138 1527 placet,
1166 1464 1333 1528 viginti

49 1538 234 1600 Trajani
263 1537 569 1601 Hadrianique
602 1553 776 1584 annos:
813 1537 1021 1585 conferat
1047 1554 1189 1600 prope
1220 1533 1346 1585 toti-'¹

51 1613 153 1660 dem
180 1611 537 1659 Antoninorum.
561 1611 678 1657 Nam
708 1611 815 1673 quid
835 1611 888 1657 de
917 1611 1118 1674 Augusto
1146 1611 1332 1676 loquar,

51 1685 178 1744 cujus
198 1683 376 1745 imperii
402 1683 506 1729 anni
534 1682 817 1744 vix'possunt
843 1683 994 1729 credi?
1017 1682 1162 1729 Malos
1182 1696 1332 1731 autem

52 1758 279 1819 Principes
298 1769 452 1803 taceo:
473 1754 565 1818 ipsa
591 1772 687 1802 vox
705 1755 841 1802 Probi
869 1756 1101 1803 clarissima
1133 1757 1300 1805 indicat
1320 1795 1349 1815 ,,

52 1830 161 1897 quid
192 1833 233 1878 se
270 1830 412 1879 facere
439 1830 628 1893 potuisse
665 1830 891 1891 speraret,
927 1831 1004 1894 qui
1044 1826 1187 1891 dikit,
1221 1825 1332 1881 br'ev'c‘

53 1905 291 1972 necffzrios
335 1909 484 1952 milites
523 1924 606 1952 non
634 1906 817 1964 futuros.

106 1982 274 2030 XXIII.
291 1979 368 2026 Ille
380 1995 492 2025 vero
513 1978 718 2026 conscius
733 1979 813 2036 sui,
831 1979 1152 2027 non'barbaros
1169 1979 1333 2036 timuit,
1349 1988 1351 1992 '

55 2070 150 2101 non
181 2067 416 2115 tyrannos.
448 2051 565 2110 Quae
601 2050 757 2096 deinde
790 2049 977 2098 felicitas
1005 2051 1274 2109 emicuisset,
1304 2044 1355 2098 si*

23 2180 32 2191 Ι,
55 2126 136 2173 sub
169 2124 252 2171 illo
291 2121 498 2184 Principe
533 2121 695 2169 milites
728 2139 822 2169 non
859 2122 1074 2171 fuiffent?
1106 2139 1334 2170 annonam

56 2196 355 2261 provincialis
384 2196 504 2242 daret
541 2196 689 2244 nullus
707 2231 720 2255 ‚
750 2197 965 2259 stipendia
993 2197 1047 2243 de
1083 2196 1345 2260 largitioni-¹

56 2274 139 2320 bus
167 2271 286 2317 nulla
313 2280 858 2332 erogarentur,>aeternos
892 2269 1125 2316 thesauros
1154 2269 1338 2321 haberet

57 2348 266 2394 Romana
303 2343 576 2406 respublica:
602 2343 715 2390 nihil
745 2344 1074 2406 expenderetur
1105 2361 1128 2390 a
1163 2343 1337 2391 Princi-

58 2436 142 2485 pe,
169 2418 283 2465 nihil
312 2435 333 2464 a
355 2416 601 2477 poffess'ore·
617 2417 905 2466 redderetur:
927 2419 1112 2465 'aureum
1131 2415 1346 2480 profefilo'

123 2495 290 2553 Scriptt.
319 2491 380 2539 Η.
416 2494 475 2537 A.
513 2493 608 2538 Vol.
642 2492 700 2538 II.
1039 2489 1072 2535 Ρ
