1714 2807
236 148 399 208 '5184
530 149 1393 202 FLAv11voP1scl

303 253 436 313 citus,
457 253 613 316 primae
633 255 860 304 sententiae
882 259 1088 316 Senator,
1110 258 1166 305 ita
1189 259 1369 308 locutus
1391 259 1452 307 est
1467 279 1478 309 :
1496 259 1596 323 (hie

302 341 450 372 autem
479 327 564 384 est,
590 328 668 390 qui
694 329 792 390 post
823 331 1112 377 Aurelianum
1144 331 1359 379 sententia
1388 335 1596 381 omnium

302 402 554 458 Imperator
582 403 641 448 est
666 403 944 468 appellatus)
975 406 1093 452 Rec‘le
1119 423 1239 467 atque
1271 409 1413 453 ordine
1443 407 1596 468 consu·

302 474 467 539 luiffint
500 479 589 523 Dii
628 479 908 534 immortales,
953 481 1101 526 Patres
1140 481 1358 541 conscripti
1379 482 1467 546 ist
1495 481 1597 527 boni

301 549 523 609 Principes
546 551 662 610 ferro
698 554 962 598 inviolabiles
996 552 1256 616 exstittffent‚
1288 571 1333 599 ut
1372 556 1597 615 longiorem

301 623 492 669 ducerent
517 626 648 670 vitam
669 642 689 680 ,·
718 643 842 686 neque
874 643 1015 671 contra
1045 644 1109 671 eos
1142 628 1286 686 aliqua
1311 626 1402 690 effit
1420 628 1598 692 potestas

303 694 359 740 iis
377 731 388 750 ‚
408 697 481 756 qui
502 715 613 743 neces
634 697 841 756 infandas
858 697 1077 762 tristifflma
1103 715 1232 745 mente
1247 701 1492 760 concipiunt.
1518 703 1562 744 V
1560 703 1598 745 i·

306 785 410 814 veret
439 773 546 815 enim
576 772 774 831 Princeps
803 773 933 836 noster
958 774 1245 829 Aurelianus,
1264 791 1343 833 quo
1369 790 1493 831 neque
1514 774 1598 816 uti·

303 841 387 885 lior
409 841 504 899 suit
542 844 770 903 quisquam.
815 845 1033 904 Respirare
1066 861 1161 890 certe
1190 846 1281 906 poll
1313 844 1596 902 infelicitatem

307 916 532 966 Valeriani
551 949 562 969 ,
577 916 671 981 post
690 918 880 962 Gallieni
906 921 1047 972 mala,
1068 918 1292 978 imperante
1320 919 1501 962 Claudio
1521 931 1598 960 coe·

299 1002 420 1044 perat
447 987 584 1049 nostra
617 990 848 1047 respublica
865 1005 882 1032 :
909 1003 954 1032 at
978 990 1113 1033 eadem
1144 991 1304 1033 reddita
1325 988 1472 1046 suerat
1499 990 1603 1031 Au·

303 1060 464 1104 reliano
499 1076 584 1105 toto
616 1065 782 1121 penitus
817 1064 907 1107 orbe
939 1064 1133 1107 vincente.
1172 1064 1247 1106 Ille
1274 1063 1394 1106 nobis
1425 1061 1600 1105 Gallias

304 1133 449 1177 dedit:
469 1134 537 1178 ille
561 1137 736 1180 Italiam
758 1135 974 1180 liberavit:
993 1137 1060 1180 ille
1082 1137 1311 1180 Vindelicis
1338 1135 1485 1194 jugum
1504 1135 1599 1177 bar-

304 1206 451 1250 baricae
464 1206 684 1266 servitutis
713 1212 886 1254 amovit.
919 1212 1001 1253 llio
1031 1209 1209 1254 vincente
1239 1209 1454 1267 Illyricum
1488 1205 1600 1270 resti-

304 1293 440 1323 tutum
468 1281 540 1344 est,
561 1283 720 1326 redditae
747 1283 956 1327 Romanis
975 1285 1129 1342 legibus
1156 1283 1354 1326 leraciae.
1374 1283 1449 1325 Ille
1463 1313 1475 1336 ‚
1491 1281 1598 1339 proli

300 1354 467 1410 pudor,
490 1354 696 1398 Orientem
708 1354 893 1410 femineo
916 1353 1089 1416 pressum
1110 1354 1243 1414 jugo,
1265 1356 1310 1397 in
1339 1352 1474 1417 nostra
1494 1351 1599 1406 jura

305 1427 505 1490 restituit:
536 1428 604 1473 ille
635 1429 813 1488 Persas,
838 1429 1086 1488 insultantes
1112 1430 1247 1473 adlzuc
1283 1427 1502 1471 Valeriani
1527 1443 1598 1470 ne·

304 1516 346 1543 ce
363 1533 374 1552 ,
384 1498 509 1557 fudit
523 1535 537 1557 ‚
550 1500 753 1561 fugavit,
771 1502 966 1564 opprfft.
991 1505 1117 1547 Illum
1139 1504 1366 1554 Saraceni,
1386 1502 1598 1560 Blemyes,

305 1576 526 1619 Axomitce
541 1608 552 1627 ‚
576 1575 821 1631 Bac‘lriani,
852 1580 968 1621 Seres
984 1609 997 1631 ‚
1028 1576 1201 1632 Hiberi,
1223 1575 1413 1625 Albani,
1447 1577 1597 1619 Arme-

305 1646 371 1688 nii
388 1680 398 1699 ‚
410 1650 564 1707 populi
591 1650 713 1692 etiarn
739 1651 969 1705 Indorum,
991 1649 1116 1692 veluti
1133 1646 1371 1707 praesentem
1389 1663 1506 1706 paene
1526 1663 1599 1690 νε-

303 1721 442 1765 nerati
462 1721 570 1780 sunt
592 1722 750 1766 Deum.
780 1724 907 1766 Illius
935 1722 1085 1775 donis,
1115 1736 1200 1779 quae
1230 1738 1256 1764 a
1283 1721 1470 1764 barbaris
1495 1735 1596 1780 gen-

305 1794 416 1837 tibus
447 1795 620 1848 meruit,
643 1792 832 1851 refertum
860 1794 913 1858 ‹ss
945 1795 1228 1853 Capitolium:
1248 1794 1477 1853 quindecim
1499 1795 1599 1836 mil-

304 1865 368 1910 lia
396 1866 596 1912 librarum
623 1870 715 1912 auri
743 1887 796 1912 ex
820 1867 908 1922 ejus
932 1870 1177 1913 liberalitate
1207 1886 1335 1913 unum
1361 1883 1467 1912 tenet
1498 1881 1599 1910 tem-

297 1943 455 2002 plum:
485 1943 628 1986 omnia
659 1939 717 2001 inf
733 1944 844 1987 Urbe
859 1941 976 2000 sana
1005 1941 1094 1998 ejus
1126 1943 1284 1986 micant
1307 1943 1447 1987 donis.
1476 1941 1598 2001 Qua-

302 2031 372 2068 re,
409 2013 555 2059 Patres
591 2015 836 2074 conscripti,
862 2018 930 2059 vel
956 2016 1080 2060 Deos
1113 2015 1224 2074 ipsos
1255 2013 1348 2069 jure
1375 2016 1599 2068 convenio,

303 2087 379 2146 qui
403 2090 528 2132 talem
558 2087 791 2146 Principem
829 2089 989 2132 interire
1007 2087 1122 2149 paffi
1134 2088 1271 2146 sunt:
1301 2087 1386 2150 nisi
1401 2086 1513 2144 fbrte
1528 2086 1599 2145 se·

303 2176 397 2208 curn
427 2179 516 2206 eum
537 2159 606 2224 ff
631 2165 877 2206 maluerunt.
903 2163 1096 2206 Decerno
1122 2164 1249 2224 igitur
1271 2163 1443 2207 divinos
1463 2163 1600 2206 liono-

305 2250 397 2281 res:
425 2236 497 2291 id,
532 2237 644 2294 quod
670 2251 743 2279 vos
769 2252 911 2280 ornnes
935 2235 1122 2298 existimo
1154 2234 1224 2298 effe
1239 2235 1448 2293 fac‘luros.
1480 2235 1598 2279 Nam

305 2310 356 2353 de
385 2309 631 2366 Imperatore
669 2308 880 2366 deligendo
917 2310 976 2353 ad
1008 2309 1175 2351 eundern
1208 2309 1425 2352 exercitum
1463 2305 1599 2363 censio

306 2378 378 2443 effe
413 2380 676 2439 referendum.
705 2379 873 2424 Etenim
907 2381 951 2422 in
981 2383 1059 2424 tali
1085 2397 1223 2441 genere
1252 2380 1486 2438 sententiae,
1521 2375 1604 2438 nisi

295 2455 404 2516 fiat,
435 2457 547 2516 quod
569 2457 746 2513 dicitur,
775 2450 819 2500 G·
844 2454 952 2499 elech
967 2455 1198 2514 periculum
1225 2455 1322 2511 erit,
1346 2450 1389 2499 δ’
1412 2452 1598 2513 eligentis
