1637 2785
192 141 626 189 COMMODUS
664 142 1115 191 ANTONINUS.
1246 159 1333 208 109

50 247 232 312 quidem
257 259 486 309 tempore,
509 263 603 309 quo
624 247 678 292 ad
710 247 904 294 senatum
937 250 1089 296 retulit
1120 251 1172 297 de
1192 251 1337 297 Com-

50 321 259 368 modiana
290 319 489 366 facienda
527 321 694 376 Roma,
721 336 813 366 non
850 319 990 366 solum
1030 324 1214 370 Senatus
1250 325 1338 373 hoc

49 393 240 440 libenter
264 393 437 453 accepit
462 409 539 455 per
569 392 818 438 irrisionem
853 391 1092 456 (quantum
1127 396 1338 460 intelligi-

50 465 188 529 tur,)
217 465 288 512 sed
323 466 461 512 etiam·
497 466 538 511 se
569 465 709 528 ipsum
741 469 1086 513 Commodianum
1125 472 1336 527 vocavit,

49 538 359 586 Commodum
383 540 602 585 Herculem
625 539 674 585 &
696 541 839 585 Deum
865 539 1110 601 appellans.

115 611 196 658 IX.
217 611 450 658 Simulavit
471 649 484 668 ‚
511 612 551 658 se
574 611 687 660 &in
709 611 905 658 Africam
928 613 1092 660 iturum
1109 649 1121 671 ,
1149 627 1196 660 ut
1219 615 1337 661 sum—

47 695 142 731 tum
158 683 434 732 itinerarium
454 686 675 749 exigeret:
695 687 744 732 ὅ(
763 686 929 748 exegit,
948 703 1137 750 eumque
1159 688 1203 733 in
1227 704 1340 734 con-

49 757 174 805 vivia
206 759 255 806 &
286 759 425 806 aleam
464 759 710 807 convertit.
740 760 1012 807 Motilenum
1034 796 1047 818 ,
1077 760 1336 823 praefefflim

47 832 267 895 praetorio
284 869 296 887 ,
317 850 394 896 per
423 833 537 882 ficus
566 848 748 881 veneno
777 834 1017 880 interemit.
1044 835 1230 898 Accepit
1253 836 1337 882 sia-

47 922 146 953 tuas
181 905 227 952 in
263 908 470 956 Herculis
500 908 681 964 habiru;
714 906 846 971 eique
882 907 1166 955 immolatum
1196 908 1256 955 est
1289 922 1337 955 ut

48 979 172 1026 Deo.
195 981 367 1028 Multos
395 993 605 1044 praeterea
638 993 874 1043 paraverat
903 980 1184 1029 interimere:
1206 982 1331 1044 quod

49 1068 130 1114 per
149 1053 384 1114 parvulum
412 1055 634 1116 quendam
668 1052 897 1115 proditum
921 1052 981 1099 est
998 1090 1010 1111 ‚
1033 1054 1112 1116 qui
1140 1055 1333 1102 tabulam

49 1139 75 1169 e
102 1125 312 1172 cubiculo
343 1124 503 1184 ejecit,
535 1124 581 1171 in
610 1142 696 1187 qua
726 1125 1082 1172 occidendorum
1103 1139 1227 1174 erant
1249 1144 1336 1174 no-

48 1196 170 1243 mina
199 1196 374 1260 scripta.
401 1198 532 1244 Sacra
569 1196 689 1243 Isidis
719 1196 889 1254 coluit,
910 1209 960 1243 ut
980 1198 1028 1246 &
1056 1211 1192 1261 caput
1213 1200 1338 1246 rade·

49 1281 140 1326 ret,
166 1270 216 1317 &
247 1270 432 1316 Anubin
470 1281 683 1332 portaret.
722 1269 923 1316 Bellonae
952 1268 1194 1319 servientes
1229 1288 1336 1318 vere

46 1341 252 1390 exsecare
298 1343 525 1391 brachium
570 1342 786 1406 praecepit
803 1378 816 1399 ‚
856 1341 1003 1389 studio
1048 1343 1336 1403 crudelitatis.

45 1417 207 1466 lfiacos
236 1435 342 1466 vere
372 1418 515 1481 pineis
541 1417 680 1482 usque
701 1419 755 1465 ad
783 1417 1029 1481 perniciem
1056 1420 1207 1482 pectus
1234 1432 1335 1466 tun—

48 1491 154 1537 dere
179 1492 381 1555 cogebat.
401 1492 519 1538 Cum
550 1490 733 1538 Anubin
758 1502 958 1554 portaret
973 1528 986 1549 ‚
1007 1491 1151 1554 capita
1173 1493 1334 1540 Isiaco-

47 1579 150 1609 rum
181 1564 379 1627 graviter
406 1564 685 1610 obtundebat
712 1580 791 1610 ore
816 1563 1050 1611 simulacri.
1073 1565 1216 1611 Clava
1241 1581 1336 1610 non

47 1636 192 1684 solum
224 1638 377 1684 leones
409 1638 456 1684 in
491 1638 610 1683 veste
653 1638 859 1684 muliebri
896 1640 945 1684 &
982 1638 1096 1700 pelle
1125 1637 1336 1695 leonina,

47 1710 121 1758 sed
141 1711 272 1758 etiam
296 1712 463 1758 multos
483 1711 689 1758 homines
712 1711 881 1758 afflixit.
908 1711 1095 1759 Debiles
1121 1712 1306 1774 pedibus
1322 1748 1337 1771 ,

48 1785 99 1831 &
122 1799 200 1830 eos
220 1820 232 1840 ,
249 1783 327 1846 qui
345 1782 570 1830 ambulare
591 1798 683 1828 non
705 1782 906 1846 possent,
922 1783 968 1829 in
987 1783 1216 1846 gigantum
1236 1801 1334 1830 mo·

48 1856 155 1902 dum
175 1855 420 1914 formavit,
443 1854 500 1901 ita
521 1870 569 1901 ut
597 1871 621 1900 a
648 1855 835 1918 genibus
861 1855 914 1901 de
933 1855 1091 1917 pannis
1120 1856 1168 1903 &
1189 1855 1337 1903 linteis

48 1930 170 1989 quasi
187 1931 405 1978 dracones
423 1929 720 1992 dirigerentur
734 1946 748 1986 ;
763 1929 1030 1993 eosdemque
1052 1929 1211 1992 sagittis
1232 1947 1337 1977 con-

49 2004 167 2052 fecit.
190 2005 319 2052 Sacra
347 2003 586 2051 Mithriaca
610 2003 859 2052 homicidio
886 2020 1001 2051 vero
1025 2004 1210 2066 polluit,
1234 2020 1334 2050 cum

49 2076 143 2124 illic
168 2077 334 2141 aliquid
364 2079 419 2124 ad
450 2076 641 2141 speeiem
681 2075 856 2124 timoris
886 2077 961 2125 vel
998 2076 1086 2125 dici
1120 2075 1192 2125 vel
1225 2075 1334 2139 fingi

53 2150 204 2197 soleat.

116 2223 174 2268 X.
195 2221 336 2268 Etiam
356 2238 464 2284 puer
480 2223 529 2269 &
547 2220 731 2285 gulosus
751 2222 801 2269 &
823 2220 1075 2285 impudicus
1096 2219 1192 2267 fuit.
1214 2221 1337 2267 Ado-

52 2292 222 2341 lescens
245 2310 380 2340 omne
399 2310 534 2357 genus
555 2293 792 2340 infamavit
816 2295 1051 2341 hominum
1067 2294 1216 2356 ‚quod
1239 2305 1333 2340 erat

53 2364 228 2422 secum,
256 2367 305 2414 &
333 2367 388 2412 ab
413 2368 624 2415 omnibus
653 2367 715 2414 est
744 2367 997 2414 infamatus.
1032 2366 1264 2412 irridentes
1292 2366 1334 2412 se

53 2436 157 2486 feris
178 2437 433 2501 objiciebat.
457 2455 561 2487 eum
583 2440 745 2501 etiam,
760 2440 838 2504 qui
863 2438 1115 2503 Tranquilli
1139 2438 1300 2485 librum
1314 2471 1331 2493 ,
