1637 2785
1271 144 1326 190 lb*

1332 149 1357 207 xm

248 499 497 572 AELII
559 494 1213 566 SPARTIANI

84 735 158 813 A
246 733 319 808 Ν
404 732 474 807 T
563 730 638 804 O
732 728 805 803 N
884 729 917 802 I
998 726 1071 800 N
1161 724 1235 802 U
1316 723 1363 798 S

281 938 1154 1017 CARACALLUS.

474 1176 958 1195 *ᾔ*

87 1349 116 1394 1.
153 1305 264 1395 Ex
292 1345 468 1394 duobus
492 1345 643 1393 liberis
659 1381 674 1403 ‚
696 1361 814 1409 quos
837 1343 1073 1407 Septimius
1090 1345 1280 1393 Severus
1299 1354 1368 1393 re²

85 1421 243 1485 liquit,
271 1422 431 1467 Getam
461 1421 510 1467 &
542 1420 812 1477 Baffianum,
842 1435 1036 1482 quorum
1068 1436 1205 1465 unum
1238 1432 1366 1465 exer-1·

84 1495 224 1552 citus,
253 1494 435 1540 alterum
466 1505 591 1555 pater
621 1491 757 1546 dixit,
784 1492 899 1537 Geta
931 1490 1070 1536 hostis
1101 1491 1161 1536 est
1189 1490 1366 1551 judica-

88 1581 184 1623 tus3
231 1568 476 1613 Baffianum
516 1579 661 1612 autem
701 1563 942 1610 obtinuiffe
980 1563 1216 1625 imperium
1253 1580 1367 1611 con-

88 1639 190 1687 ssat:
213 1641 266 1687 de
284 1639 411 1700 cujus
432 1638 676 1699 majoribus
696 1636 852 1683 frustra
872 1647 1075 1698 putamus
1096 1637 1369 1695 iterandum,

88 1729 190 1760 cum
216 1713 365 1759 omnia
384 1713 429 1758 in
451 1711 605 1758 Severi
632 1711 722 1756 vita
747 1710 846 1758 satis
871 1708 982 1756 elma
1007 1709 1104 1755 fint.
1126 1709 1269 1769 Hujus
1288 1709 1370 1771 igi-

87 1798 161 1833 tur
196 1785 381 1847 pueritia
419 1784 603 1841 blanda,
636 1782 893 1846 ingeniosa,
929 1781 1188 1844 parentibus
1215 1780 1371 1827 affabi-

90 1857 143 1905 lis
156 1893 169 1916 ‚
189 1857 341 1904 amicis
360 1854 807 1919 parentum'jucunda
821 1889 834 1912 ,
850 1854 1026 1917 populo
1046 1866 1251 1914 accepta,
1272 1865 1373 1917 gra-³

88 1945 133 1977 ta
155 1930 362 1987 Senatui,
387 1929 468 1991 ipfi
487 1929 615 1975 etiam
647 1928 701 1974 ad
722 1944 919 1974 amorem
942 1926 1280 1974 conciliandum
1304 1925 1372 1972 sa-

91 2003 247 2050 lutaris
277 2002 373 2050 fuit.
405 2003 514 2048 Non
538 2001 613 2048 ille
642 2001 688 2047 in
715 2000 854 2048 literis
883 2001 1056 2055 tardus,
1089 2016 1184 2045 non
1214 1999 1261 2045 in
1289 1999 1371 2046 be-

91 2073 367 2120 nevolentiis
402 2072 576 2136 segnis,
613 2088 709 2118 non
750 2083 879 2117 tenax
917 2071 963 2117 in
1004 2071 1235 2133 largitate,
1273 2087 1369 2117 non

91 2147 239 2193 lentus
263 2145 308 2192 in
329 2146 562 2193 clementia
578 2180 593 2203 ‚
613 2145 684 2191 sed
703 2144 781 2191 sub
809 2144 1065 2206 parentibus
1080 2179 1094 2201 ‚
1121 2143 1258 2190 visus.
1277 2144 1371 2189 De·

92 2221 254 2284 nique,
288 2219 319 2265 fi
354 2220 534 2284 quando
572 2218 675 2266 feris
714 2218 916 2277 objectos
955 2219 1190 2264 damnatos
1226 2217 1370 2274 vidit,

92 2294 250 2350 flevit,
280 2303 357 2339 aut
380 2293 539 2340 oculos
573 2291 756 2341 avertit:
782 2292 906 2355 quod
932 2290 1106 2353 populo
1140 2289 1371 2351 plusquam

93 2364 278 2412 amabile
297 2363 396 2411 fuit.
415 2364 650 2426 septennis
666 2378 775 2425 puer
790 2397 803 2419 ,
825 2379 927 2409 cum
948 2360 1219 2409 collusorem
1246 2360 1371 2408 suum

95 2454 310 2501 puerum,
336 2437 397 2485 ob
424 2436 646 2484 Judaicam
672 2434 933 2498 reiigionem
956 2432 1137 2496 gravius
1166 2432 1369 2487 verberas
