1637 2785
287 148 544 199 Dtvus
597 148 1162 198 AURELlANUS.
1302 148 1391 214 167

84 259 205 321 perio
234 262 480 306 continetur.
516 260 648 303 Scitis
677 260 786 303 enim
819 257 924 321 ipsi,
955 259 1265 319 quoiiescunque
1291 276 1396 320 gra-

92 335 188 380 vior
213 334 379 393 aliquis
389 319 545 396 exstitit
570 345 735 386 motus,
754 348 821 375 eos
828 331 993 391 semper
1019 331 1254 391 inspec‘los:
1271 350 1395 393 neque

86 407 210 466 prius
239 408 355 449 mala
376 404 554 464 publica
579 401 652 465 effe
674 404 837 462 finita,
865 423 989 463 quam
1011 423 1064 450 ex
1089 408 1144 450 iis
1162 406 1394 465 sacrificio-

91 496 180 525 rum
202 476 390 539 proceffit
424 477 664 523 azcfforitas.
716 475 852 522 Tunc
891 475 1081 522 surrexit
1108 478 1263 538 primae
1299 479 1393 525 sen-

91 552 245 599 tentiae
269 551 433 613 Ulpius
459 550 701 615 Syllanue,
725 562 863 612 atque
890 549 948 596 ita
978 551 1158 597 locutus
1179 552 1266 598 est:
1291 559 1393 600 Sero

92 628 224 671 nimis
246 661 259 683 ,
286 628 430 671 Patres
461 625 706 685 conscripti,
730 627 777 669 de
799 627 1027 685 reipublicae
1043 626 1186 686 salute
1206 628 1392 687 consuli·

91 716 185 744 mus
200 733 214 756 ‚
232 696 587 759 sero-adfhtalia
607 694 722 760 jaffiz
753 697 986 758 respicimus
1007 732 1025 751 ,4
1045 715 1153 742 more
1180 702 1389 759 languen-

92 774 217 827 tium,
237 775 307 832 qui
332 775 394 816 ad
402 773 598 831 summos
616 773 818 827 medicos,
845 771 931 835 nist
950 774 995 817 in
1003 772 1177 832 stimma
1204 774 1392 833 despera-

91 848 205 890 tione
217 881 228 900 ,
248 863 333 890 non
348 849 524 891 mittunt
538 848 740 906 :proinde
759 845 881 909 quasi
891 846 1157 906 peritioribus
1175 848 1279 892 viris
1295 866 1390 892 rna-

83 917 162 977 jor
170 917 378 977 facienda
394 919 457 981 sit
487 937 582 964 cura
594 937 613 974 ;
635 938 726 977 cum
754 921 950 964 omnibus
978 920 1134 964 morbis
1161 923 1316 966 occurri
1325 920 1392 983 sit

91 993 252 1036 melius.
287 991 537 1056 Meministis
562 994 671 1037 enim
688 1028 704 1048 ,
727 994 874 1037 Patres
900 993 1139 1052 conscripti,
1161 1011 1222 1038 me
1247 996 1293 1038 in
1313 996 1393 1039 lzoc

92 1066 238 1110 ordine
250 1065 355 1125 ssepe
373 1063 523 1128 dixiffi-
536 1100 549 1119 ‚
564 1065 661 1120 jam
683 1081 770 1111 tum
787 1104 796 1116 ‚
824 1084 916 1111 cum
932 1068 1118 1126 primum
1143 1070 1389 1113 nuntiatum

92 1138 166 1202 est,
189 1140 520 1184 Marcomannos
537 1136 727 1202 erupff,
748 1139 1001 1198 consulenda
1023 1133 1194 1200 Sibyllae
1208 1142 1389 1199 decreta,

92 1215 292 1257 utendum
331 1213 555 1272 Apollinis
586 1213 820 1271 beneficii5‚
853 1212 1154 1271 inserviendum
1195 1214 1389 1260 Deorum

92 1287 393 1332 immortalium
406 1287 618 1347 praeceptis
636 1303 651 1330 .·
673 1283 864 1349 recusbffi
878 1304 970 1332 vero
984 1286 1186 1347 quosdam
1200 1321 1211 1343 ,
1236 1284 1279 1332 ἃ
1297 1306 1395 1339 cum,

92 1361 254 1422 ingenti
287 1363 505 1407 calumnia
544 1359 760 1425 recusasti,
798 1380 889 1408 cum
930 1365 1146 1408 adulando
1184 1366 1392 1420 dicerent,

91 1448 257 1478 tantam
287 1436 501 1496 Principis
531 1434 602 1500 effe
631 1438 817 1482 virtutem
834 1472 847 1493 ‚
867 1453 915 1482 ut
940 1454 1043 1497 opus
1071 1456 1157 1482 non
1177 1437 1238 1500 sit
1269 1438 1391 1482 Deos

92 1506 252 1567 consilli
270 1524 287 1552 .·
309 1511 488 1571 proinde
517 1510 636 1574 quasi
669 1508 711 1556 fr
736 1511 818 1571 ipse
851 1512 925 1556 vir
943 1530 1122 1572 magnus
1148 1531 1233 1557 non
1269 1514 1390 1558 Deos

95 1582 233 1634 colat,
262 1597 348 1624 non
376 1582 424 1625 de
452 1582 563 1627 Diis
591 1584 897 1628 immortalibus
915 1585 1062 1644 speret.
1097 1588 1202 1644 quid
1223 1585 1390 1646 plura?

97 1653 340 1716 audivimus
356 1653 497 1698 literas
515 1688 526 1709 ,
557 1657 706 1714 quibus
729 1658 892 1717 rogavit
916 1676 1031 1717 opem
1062 1660 1251 1702 Deorum
1269 1693 1281 1714 ,
1305 1675 1393 1718 quie

94 1744 312 1786 nunquam
346 1729 537 1787 cuiquam
565 1731 698 1788 turpis
726 1730 799 1794 est,
830 1747 876 1776 ut
902 1733 968 1776 vir
982 1730 1235 1794 fortiffirnus
1259 1731 1391 1788 adju-

61 1817 69 1823 *
94 1816 220 1845 vetur.
250 1799 380 1860 Agite
411 1801 568 1860 igitur,
602 1801 857 1861 Pontifices,
888 1821 968 1863 qua
991 1806 1117 1864 puri,
1142 1823 1224 1866 qua
1259 1815 1390 1854 mun-1

96 1872 170 1927 di,
195 1890 277 1931 qua
286 1872 430 1933 sanHi
442 1907 455 1930 ,
477 1891 559 1934 qua
586 1874 726 1938 vestitu
756 1876 1134 1937 animisquesbcris
1153 1879 1390 1933 commodi,

95 1949 292 2004 ternplum
318 1945 553 2006 ascendite,
573 1948 778 2008 subsellia
812 1954 998 1995 laureata
1026 1951 1256 2016 constituite
1275 1986 1288 2009 ,
1316 1969 1391 1996 ve-

94 2019 250 2062 teranis
273 2021 468 2065 manibus
496 2022 622 2066 libros
651 2024 823 2068 evolvite
840 2058 854 2079 ,
872 2022 980 2082 flua
1007 2026 1236 2084 reipublicae
1255 2058 1268 2080 ‚
1300 2041 1389 2084 qua:

84 2090 196 2151 sunt
227 2107 376 2137 aeterrza
397 2126 411 2148 ,
439 2095 673 2155 perquirite.
697 2098 821 2141 Patri
809 2100 903 2143 mis
938 2098 1222 2159 matrimzfhue
1248 2097 1392 2158 pueris

98 2182 271 2210 carmen·
291 2165 498 2212 indicite:
530 2185 607 2213 nos
627 2169 818 2229 sumtum
834 2172 1008 2231 sacris,
1028 2189 1106 2217 nos
1137 2188 1391 2232 apparatum

87 2237 342 2297 sacrificiis,
369 2258 447 2285 nos
479 2244 567 2288 aris
593 2244 857 2289 ambarvalia
886 2246 1127 2290 indicemus.
1195 2255 1197 2258 '

38 2373 41 2375 ι
180 2311 289 2358 XX.
323 2311 424 2358 Post
459 2312 556 2361 haec
585 2314 851 2379 interrogati
885 2316 1087 2379 plerique
1122 2317 1394 2375 Senatores,'

99 2381 339 2431 sententias
366 2385 603 2446 dixerunt,
620 2405 731 2450 quas
758 2390 946 2452 longum
971 2389 1032 2435 est
1051 2389 1293 2436 innectere.
1314 2389 1396 2439 de·-¹

97 2453 205 2504 inde
227 2456 323 2505 aliis
344 2475 502 2508 manus
521 2461 884 2528 porrigentibus,
902 2461 998 2510 aliis
1019 2463 1241 2525 pedibus
1231 2481 1280 2512 ιη
1297 2462 1397 2513 sent·

1044 2539 1080 2582 L
1112 2553 1145 2597 4
