<?xml version="1.0" encoding="UTF-8"?>
<!DOCTYPE html PUBLIC "-//W3C//DTD XHTML 1.0 Transitional//EN"
    "http://www.w3.org/TR/xhtml1/DTD/xhtml1-transitional.dtd">
<html xmlns="http://www.w3.org/1999/xhtml" xml:lang="en" lang="en">
 <head>
  <title>
</title>
<meta http-equiv="Content-Type" content="text/html;charset=utf-8" />
  <meta name='ocr-system' content='tesseract 3.04.00' />
  <meta name='ocr-capabilities' content='ocr_page ocr_carea ocr_par ocr_line ocrx_word'/>
</head>
<body>
  <div class='ocr_page' id='page_1' title='image "./historiaeaugusta00bipouoft_0519.png"; bbox 0 0 1637 2785; ppageno 0'>
   <div class='ocr_carea' id='block_1_1' title="bbox 246 125 1358 187">
    <p class='ocr_par' dir='ltr' id='par_1_1' title="bbox 246 125 1358 187">
     <span class='ocr_line' id='line_1_1' title="bbox 246 125 1358 187; baseline -0.004 -11"><span class='ocrx_word' id='word_1_1' title='bbox 246 126 677 176; x_wconf 83' lang='lat' dir='ltr'><strong>TRIGINTA</strong></span> <span class='ocrx_word' id='word_1_2' title='bbox 727 125 1132 174; x_wconf 79' lang='lat' dir='ltr'>TYRANNI.</span> <span class='ocrx_word' id='word_1_3' title='bbox 1269 143 1358 187; x_wconf 82' lang='lat'>119</span> 
     </span>
    </p>
   </div>
   <div class='ocr_carea' id='block_1_2' title="bbox 62 235 1364 445">
    <p class='ocr_par' dir='ltr' id='par_1_2' title="bbox 62 235 1364 445">
     <span class='ocr_line' id='line_1_2' title="bbox 63 235 1362 300; baseline -0.005 -13"><span class='ocrx_word' id='word_1_4' title='bbox 63 238 191 287; x_wconf 77' lang='lat' dir='ltr'>aliter</span> <span class='ocrx_word' id='word_1_5' title='bbox 215 238 348 287; x_wconf 76' lang='lat' dir='ltr'>etiam</span> <span class='ocrx_word' id='word_1_6' title='bbox 379 237 574 299; x_wconf 77' lang='lat' dir='ltr'>conjuge</span> <span class='ocrx_word' id='word_1_7' title='bbox 609 236 771 283; x_wconf 74' lang='lat' dir='ltr'>assueta</span> <span class='ocrx_word' id='word_1_8' title='bbox 790 272 804 292; x_wconf 91' lang='lat'><em>‚</em></span> <span class='ocrx_word' id='word_1_9' title='bbox 835 253 936 300; x_wconf 78' lang='lat' dir='ltr'>quae</span> <span class='ocrx_word' id='word_1_10' title='bbox 970 236 1216 283; x_wconf 68' lang='lat' dir='ltr'><strong>multorum</strong></span> <span class='ocrx_word' id='word_1_11' title='bbox 1256 235 1362 281; x_wconf 78' lang='lat' dir='ltr'>sen-</span> 
     </span>
     <span class='ocr_line' id='line_1_3' title="bbox 62 309 1361 372; baseline -0.005 -11"><span class='ocrx_word' id='word_1_12' title='bbox 62 312 238 370; x_wconf 86' lang='lat' dir='ltr'>tentia,</span> <span class='ocrx_word' id='word_1_13' title='bbox 280 311 450 358; x_wconf 83' lang='lat' dir='ltr'>fortior</span> <span class='ocrx_word' id='word_1_14' title='bbox 488 310 649 356; x_wconf 83' lang='lat' dir='ltr'>marito</span> <span class='ocrx_word' id='word_1_15' title='bbox 693 309 821 356; x_wconf 73' lang='lat' dir='ltr'>fuiffe</span> <span class='ocrx_word' id='word_1_16' title='bbox 863 309 1163 372; x_wconf 77' lang='lat' dir='ltr'>perhibetur3</span> <span class='ocrx_word' id='word_1_17' title='bbox 1197 310 1361 357; x_wconf 78' lang='lat' dir='ltr'>mulier</span> 
     </span>
     <span class='ocr_line' id='line_1_4' title="bbox 65 381 1364 445; baseline -0.002 -11"><span class='ocrx_word' id='word_1_18' title='bbox 65 386 271 434; x_wconf 86' lang='lat' dir='ltr'>omnium</span> <span class='ocrx_word' id='word_1_19' title='bbox 302 383 572 430; x_wconf 78' lang='lat' dir='ltr'>nobilisfima</span> <span class='ocrx_word' id='word_1_20' title='bbox 603 381 908 430; x_wconf 78' lang='lat' dir='ltr'>Orientalium</span> <span class='ocrx_word' id='word_1_21' title='bbox 952 383 1220 430; x_wconf 74' lang='lat' dir='ltr'>feminarum</span> <span class='ocrx_word' id='word_1_22' title='bbox 1240 419 1255 442; x_wconf 93' lang='lat'>‚</span> <span class='ocrx_word' id='word_1_23' title='bbox 1281 385 1364 445; x_wconf 88' lang='lat'>&amp;,</span> 
     </span>
    </p>
   </div>
   <div class='ocr_carea' id='block_1_3' title="bbox 63 457 1253 521">
    <p class='ocr_par' dir='ltr' id='par_1_3' title="bbox 63 457 1253 521">
     <span class='ocr_line' id='line_1_5' title="bbox 63 457 1253 521; baseline -0.002 -11"><span class='ocrx_word' id='word_1_24' title='bbox 63 475 114 511; x_wconf 91' lang='lat' dir='ltr'>ut</span> <span class='ocrx_word' id='word_1_25' title='bbox 139 459 385 512; x_wconf 85' lang='lat' dir='ltr'>Cornelius</span> <span class='ocrx_word' id='word_1_26' title='bbox 406 457 696 521; x_wconf 82' lang='lat' dir='ltr'>Capitolinus</span> <span class='ocrx_word' id='word_1_27' title='bbox 724 457 896 516; x_wconf 74' lang='lat' dir='ltr'>asserit,</span> <span class='ocrx_word' id='word_1_28' title='bbox 925 458 1253 521; x_wconf 78' lang='lat' dir='ltr'>speciofisfima.</span> 
     </span>
    </p>
   </div>
   <div class='ocr_carea' id='block_1_4' title="bbox 227 616 1272 680">
    <p class='ocr_par' dir='ltr' id='par_1_4' title="bbox 227 616 1272 680">
     <span class='ocr_line' id='line_1_6' title="bbox 227 616 1272 680; baseline 0.002 -2"><span class='ocrx_word' id='word_1_29' title='bbox 227 622 393 678; x_wconf 93' lang='lat' dir='ltr'>XV.</span> <span class='ocrx_word' id='word_1_30' title='bbox 462 619 599 675; x_wconf 92' lang='lat' dir='ltr'>DE</span> <span class='ocrx_word' id='word_1_31' title='bbox 667 616 1173 676; x_wconf 87' lang='lat' dir='ltr'>HERODE.</span> <span class='ocrx_word' id='word_1_32' title='bbox 1259 659 1272 680; x_wconf 81' lang='lat' dir='ltr'><em>l</em></span> 
     </span>
    </p>
   </div>
   <div class='ocr_carea' id='block_1_5' title="bbox 62 787 1364 1330">
    <p class='ocr_par' dir='ltr' id='par_1_5' title="bbox 62 787 1364 1330">
     <span class='ocr_line' id='line_1_7' title="bbox 63 787 1360 892; baseline 0.001 -18"><span class='ocrx_word' id='word_1_33' title='bbox 63 826 191 875; x_wconf 83' lang='lat' dir='ltr'>XVI.</span> <span class='ocrx_word' id='word_1_34' title='bbox 230 787 527 875; x_wconf 73' lang='lat' dir='ltr'>HERODES</span> <span class='ocrx_word' id='word_1_35' title='bbox 545 862 558 884; x_wconf 93' lang='lat'><strong>,</strong></span> <span class='ocrx_word' id='word_1_36' title='bbox 579 843 675 875; x_wconf 81' lang='lat' dir='ltr'>non</span> <span class='ocrx_word' id='word_1_37' title='bbox 694 826 900 875; x_wconf 81' lang='lat' dir='ltr'>Zenobia</span> <span class='ocrx_word' id='word_1_38' title='bbox 923 839 1066 875; x_wconf 86' lang='lat' dir='ltr'><strong>matre</strong></span> <span class='ocrx_word' id='word_1_39' title='bbox 1081 863 1093 882; x_wconf 89' lang='lat'>,</span> <span class='ocrx_word' id='word_1_40' title='bbox 1113 826 1188 875; x_wconf 82' lang='lat' dir='ltr'>sed</span> <span class='ocrx_word' id='word_1_41' title='bbox 1207 827 1360 892; x_wconf 71' lang='lat' dir='ltr'>priore}</span> 
     </span>
     <span class='ocr_line' id='line_1_8' title="bbox 63 899 1362 965; baseline 0 -17"><span class='ocrx_word' id='word_1_42' title='bbox 63 917 212 949; x_wconf 83' lang='lat' dir='ltr'>uxore</span> <span class='ocrx_word' id='word_1_43' title='bbox 229 899 404 964; x_wconf 84' lang='lat' dir='ltr'>genitus</span> <span class='ocrx_word' id='word_1_44' title='bbox 419 936 432 958; x_wconf 89' lang='lat'><strong><em>‚</em></strong></span> <span class='ocrx_word' id='word_1_45' title='bbox 455 918 557 948; x_wconf 84' lang='lat' dir='ltr'>cum</span> <span class='ocrx_word' id='word_1_46' title='bbox 584 917 708 965; x_wconf 80' lang='lat' dir='ltr'>patre</span> <span class='ocrx_word' id='word_1_47' title='bbox 726 901 902 963; x_wconf 79' lang='lat' dir='ltr'>accepit</span> <span class='ocrx_word' id='word_1_48' title='bbox 916 901 1160 964; x_wconf 81' lang='lat' dir='ltr'>,imperium</span> <span class='ocrx_word' id='word_1_49' title='bbox 1177 937 1192 961; x_wconf 87' lang='lat'>,</span> <span class='ocrx_word' id='word_1_50' title='bbox 1214 902 1362 949; x_wconf 87' lang='lat' dir='ltr'>homo</span> 
     </span>
     <span class='ocr_line' id='line_1_9' title="bbox 62 972 1362 1037; baseline 0.002 -17"><span class='ocrx_word' id='word_1_51' title='bbox 62 973 271 1021; x_wconf 88' lang='lat' dir='ltr'>omnium</span> <span class='ocrx_word' id='word_1_52' title='bbox 311 972 641 1021; x_wconf 79' lang='lat' dir='ltr'>delicatiffimus</span> <span class='ocrx_word' id='word_1_53' title='bbox 663 1010 676 1032; x_wconf 90' lang='lat'>,</span> <span class='ocrx_word' id='word_1_54' title='bbox 716 975 768 1023; x_wconf 86' lang='lat'>&amp;</span> <span class='ocrx_word' id='word_1_55' title='bbox 806 974 986 1037; x_wconf 79' lang='lat' dir='ltr'>prorsus</span> <span class='ocrx_word' id='word_1_56' title='bbox 1024 975 1272 1022; x_wconf 73' lang='lat' dir='ltr'>Orientalis</span> <span class='ocrx_word' id='word_1_57' title='bbox 1310 975 1362 1023; x_wconf 77' lang='grc' dir='ltr'>δε</span> 
     </span>
     <span class='ocr_line' id='line_1_10' title="bbox 63 1045 1364 1109; baseline 0 -16"><span class='ocrx_word' id='word_1_58' title='bbox 63 1047 239 1094; x_wconf 82' lang='lat' dir='ltr'><strong>Graecae</strong></span> <span class='ocrx_word' id='word_1_59' title='bbox 258 1045 449 1093; x_wconf 82' lang='lat' dir='ltr'><strong>luxuriae</strong></span> <span class='ocrx_word' id='word_1_60' title='bbox 465 1081 478 1104; x_wconf 89' lang='lat'>‚</span> <span class='ocrx_word' id='word_1_61' title='bbox 497 1047 570 1093; x_wconf 85' lang='lat' dir='ltr'>cui</span> <span class='ocrx_word' id='word_1_62' title='bbox 596 1059 724 1094; x_wconf 83' lang='lat' dir='ltr'>erant</span> <span class='ocrx_word' id='word_1_63' title='bbox 750 1046 937 1109; x_wconf 80' lang='lat' dir='ltr'>figillata</span> <span class='ocrx_word' id='word_1_64' title='bbox 966 1047 1164 1094; x_wconf 82' lang='lat' dir='ltr'>tentoria</span> <span class='ocrx_word' id='word_1_65' title='bbox 1180 1082 1194 1105; x_wconf 93' lang='lat'>‚</span> <span class='ocrx_word' id='word_1_66' title='bbox 1214 1049 1263 1095; x_wconf 85' lang='lat'>&amp;</span> <span class='ocrx_word' id='word_1_67' title='bbox 1283 1064 1364 1094; x_wconf 82' lang='lat' dir='ltr'>au-</span> 
     </span>
     <span class='ocr_line' id='line_1_11' title="bbox 63 1118 1363 1184; baseline 0.001 -18"><span class='ocrx_word' id='word_1_68' title='bbox 63 1120 172 1166; x_wconf 81' lang='lat' dir='ltr'>reati</span> <span class='ocrx_word' id='word_1_69' title='bbox 202 1118 487 1182; x_wconf 76' lang='lat' dir='ltr'>papiliones,</span> <span class='ocrx_word' id='word_1_70' title='bbox 516 1123 566 1167; x_wconf 88' lang='lat'>&amp;</span> <span class='ocrx_word' id='word_1_71' title='bbox 593 1120 748 1167; x_wconf 76' lang='lat' dir='ltr'>omnia</span> <span class='ocrx_word' id='word_1_72' title='bbox 773 1120 961 1168; x_wconf 71' lang='lat' dir='ltr'><strong>Pet-fica.</strong></span> <span class='ocrx_word' id='word_1_73' title='bbox 989 1120 1209 1184; x_wconf 76' lang='lat' dir='ltr'>denique,</span> <span class='ocrx_word' id='word_1_74' title='bbox 1233 1121 1363 1184; x_wconf 83' lang='lat' dir='ltr'>inge-</span> 
     </span>
     <span class='ocr_line' id='line_1_12' title="bbox 63 1193 1362 1257; baseline 0.001 -17"><span class='ocrx_word' id='word_1_75' title='bbox 63 1194 145 1241; x_wconf 81' lang='lat' dir='ltr'>nio</span> <span class='ocrx_word' id='word_1_76' title='bbox 176 1193 274 1256; x_wconf 80' lang='lat' dir='ltr'>ejus</span> <span class='ocrx_word' id='word_1_77' title='bbox 307 1193 410 1240; x_wconf 87' lang='lat' dir='ltr'>usus</span> <span class='ocrx_word' id='word_1_78' title='bbox 455 1194 715 1250; x_wconf 80' lang='lat' dir='ltr'>Odenatus,</span> <span class='ocrx_word' id='word_1_79' title='bbox 739 1193 964 1257; x_wconf 83' lang='lat' dir='ltr'>quidquid</span> <span class='ocrx_word' id='word_1_80' title='bbox 996 1194 1362 1242; x_wconf 83' lang='lat' dir='ltr'>concubinarum</span> 
     </span>
     <span class='ocr_line' id='line_1_13' title="bbox 62 1263 1364 1330; baseline 0.001 -17"><span class='ocrx_word' id='word_1_81' title='bbox 62 1265 276 1330; x_wconf 83' lang='lat' dir='ltr'>regalium</span> <span class='ocrx_word' id='word_1_82' title='bbox 298 1301 312 1324; x_wconf 89' lang='lat'><strong>,</strong></span> <span class='ocrx_word' id='word_1_83' title='bbox 337 1265 559 1329; x_wconf 83' lang='lat' dir='ltr'>quidquid</span> <span class='ocrx_word' id='word_1_84' title='bbox 587 1263 853 1312; x_wconf 74' lang='lat' dir='ltr'>divitiarum</span> <span class='ocrx_word' id='word_1_85' title='bbox 882 1282 1253 1330; x_wconf 77' lang='lat' dir='ltr'>gemmarumque</span> <span class='ocrx_word' id='word_1_86' title='bbox 1284 1283 1364 1314; x_wconf 85' lang='lat' dir='ltr'>ce·</span> 
     </span>
    </p>
   </div>
   <div class='ocr_carea' id='block_1_6' title="bbox 62 1340 1470 1405">
    <p class='ocr_par' dir='ltr' id='par_1_6' title="bbox 62 1340 1470 1405">
     <span class='ocr_line' id='line_1_14' title="bbox 62 1340 1470 1405; baseline -0.001 -17"><span class='ocrx_word' id='word_1_87' title='bbox 62 1340 158 1405; x_wconf 83' lang='lat' dir='ltr'>pit,</span> <span class='ocrx_word' id='word_1_88' title='bbox 187 1340 331 1388; x_wconf 81' lang='lat' dir='ltr'>eidem</span> <span class='ocrx_word' id='word_1_89' title='bbox 353 1340 563 1397; x_wconf 77' lang='lat' dir='ltr'><strong>tradidit,</strong></span> <span class='ocrx_word' id='word_1_90' title='bbox 585 1352 782 1403; x_wconf 77' lang='lat' dir='ltr'>paternae</span> <span class='ocrx_word' id='word_1_91' title='bbox 802 1340 1095 1405; x_wconf 69' lang='lat' dir='ltr'>indulgentiae</span> <span class='ocrx_word' id='word_1_92' title='bbox 1127 1341 1365 1388; x_wconf 71' lang='lat' dir='ltr'>affeffione</span> <span class='ocrx_word' id='word_1_93' title='bbox 1419 1345 1423 1349; x_wconf 87' lang='lat'>&#39;</span> <span class='ocrx_word' id='word_1_94' title='bbox 1462 1362 1470 1369; x_wconf 39' lang='grc' dir='ltr'>ν</span> 
     </span>
    </p>
   </div>
   <div class='ocr_carea' id='block_1_7' title="bbox 63 1413 1365 1625">
    <p class='ocr_par' dir='ltr' id='par_1_7' title="bbox 63 1413 1365 1625">
     <span class='ocr_line' id='line_1_15' title="bbox 63 1413 1365 1477; baseline 0.002 -17"><span class='ocrx_word' id='word_1_95' title='bbox 63 1428 308 1477; x_wconf 81' lang='lat' dir='ltr'>permotus.</span> <span class='ocrx_word' id='word_1_96' title='bbox 343 1416 400 1460; x_wconf 89' lang='lat' dir='ltr'>Et</span> <span class='ocrx_word' id='word_1_97' title='bbox 433 1426 529 1460; x_wconf 78' lang='lat' dir='ltr'>erat</span> <span class='ocrx_word' id='word_1_98' title='bbox 565 1413 687 1460; x_wconf 83' lang='lat' dir='ltr'>circa</span> <span class='ocrx_word' id='word_1_99' title='bbox 721 1414 849 1461; x_wconf 71' lang='lat' dir='ltr'>inum</span> <span class='ocrx_word' id='word_1_100' title='bbox 887 1413 1092 1461; x_wconf 77' lang='lat' dir='ltr'>Zenobia</span> <span class='ocrx_word' id='word_1_101' title='bbox 1125 1413 1365 1462; x_wconf 79' lang='lat' dir='ltr'>novercali</span> 
     </span>
     <span class='ocr_line' id='line_1_16' title="bbox 64 1484 1364 1550; baseline 0 -18"><span class='ocrx_word' id='word_1_102' title='bbox 64 1485 246 1533; x_wconf 81' lang='lat' dir='ltr'>animo:</span> <span class='ocrx_word' id='word_1_103' title='bbox 267 1503 355 1550; x_wconf 77' lang='lat' dir='ltr'>qua</span> <span class='ocrx_word' id='word_1_104' title='bbox 381 1501 428 1532; x_wconf 67' lang='lat' dir='ltr'>te</span> <span class='ocrx_word' id='word_1_105' title='bbox 457 1485 944 1532; x_wconf 79' lang='lat' dir='ltr'>commendabiliorem</span> <span class='ocrx_word' id='word_1_106' title='bbox 974 1484 1089 1549; x_wconf 80' lang='lat' dir='ltr'>patri</span> <span class='ocrx_word' id='word_1_107' title='bbox 1115 1501 1218 1532; x_wconf 84' lang='lat' dir='ltr'>eum</span> <span class='ocrx_word' id='word_1_108' title='bbox 1239 1484 1364 1533; x_wconf 88' lang='lat' dir='ltr'><strong>fece-</strong></span> 
     </span>
     <span class='ocr_line' id='line_1_17' title="bbox 63 1558 1315 1625; baseline -0.001 -18"><span class='ocrx_word' id='word_1_109' title='bbox 63 1572 148 1610; x_wconf 80' lang='lat' dir='ltr'><strong>rat.</strong></span> <span class='ocrx_word' id='word_1_110' title='bbox 181 1576 326 1624; x_wconf 86' lang='lat' dir='ltr'>neque</span> <span class='ocrx_word' id='word_1_111' title='bbox 353 1560 485 1623; x_wconf 79' lang='lat' dir='ltr'>plura</span> <span class='ocrx_word' id='word_1_112' title='bbox 507 1559 609 1608; x_wconf 79' lang='lat' dir='ltr'>sunt</span> <span class='ocrx_word' id='word_1_113' title='bbox 627 1595 642 1621; x_wconf 89' lang='lat'>,</span> <span class='ocrx_word' id='word_1_114' title='bbox 673 1577 776 1625; x_wconf 81' lang='lat' dir='ltr'>quae</span> <span class='ocrx_word' id='word_1_115' title='bbox 800 1560 858 1608; x_wconf 85' lang='lat' dir='ltr'>de</span> <span class='ocrx_word' id='word_1_116' title='bbox 879 1560 1064 1608; x_wconf 82' lang='lat' dir='ltr'>Herode</span> <span class='ocrx_word' id='word_1_117' title='bbox 1091 1558 1315 1608; x_wconf 79' lang='lat' dir='ltr'>dicantur.</span> 
     </span>
    </p>
   </div>
   <div class='ocr_carea' id='block_1_8' title="bbox 198 1714 1264 1785">
    <p class='ocr_par' dir='ltr' id='par_1_8' title="bbox 198 1714 1264 1785">
     <span class='ocr_line' id='line_1_18' title="bbox 198 1714 1264 1785; baseline 0 -12"><span class='ocrx_word' id='word_1_118' title='bbox 198 1715 425 1774; x_wconf 89' lang='lat' dir='ltr'>XVI.</span> <span class='ocrx_word' id='word_1_119' title='bbox 491 1715 630 1772; x_wconf 91' lang='lat' dir='ltr'>DE</span> <span class='ocrx_word' id='word_1_120' title='bbox 697 1714 1264 1785; x_wconf 37' lang='lat' dir='ltr'>MAEON102</span> 
     </span>
    </p>
   </div>
   <div class='ocr_carea' id='block_1_9' title="bbox 65 1887 1374 2428">
    <p class='ocr_par' dir='ltr' id='par_1_9' title="bbox 65 1887 1374 2428">
     <span class='ocr_line' id='line_1_19' title="bbox 65 1887 1368 1974; baseline -0.001 -1"><span class='ocrx_word' id='word_1_121' title='bbox 65 1925 214 1973; x_wconf 84' lang='lat' dir='ltr'>XVII.</span> <span class='ocrx_word' id='word_1_122' title='bbox 263 1887 417 1974; x_wconf 83' lang='lat' dir='ltr'>HIC</span> <span class='ocrx_word' id='word_1_123' title='bbox 451 1917 753 1974; x_wconf 67' lang='lat' dir='ltr'>cbnsobrinus</span> <span class='ocrx_word' id='word_1_124' title='bbox 788 1924 991 1974; x_wconf 84' lang='lat' dir='ltr'>Odenati</span> <span class='ocrx_word' id='word_1_125' title='bbox 1023 1923 1136 1973; x_wconf 80' lang='lat' dir='ltr'><strong>fuit:</strong></span> <span class='ocrx_word' id='word_1_126' title='bbox 1169 1940 1253 1973; x_wconf 81' lang='lat' dir='ltr'>nec</span> <span class='ocrx_word' id='word_1_127' title='bbox 1274 1922 1368 1972; x_wconf 75' lang='lat' dir='ltr'>ulla</span> 
     </span>
     <span class='ocr_line' id='line_1_20' title="bbox 66 1997 1371 2060; baseline 0.002 -18"><span class='ocrx_word' id='word_1_128' title='bbox 66 2013 115 2044; x_wconf 80' lang='lat' dir='ltr'>re</span> <span class='ocrx_word' id='word_1_129' title='bbox 135 1997 220 2045; x_wconf 74' lang='lat' dir='ltr'>alia</span> <span class='ocrx_word' id='word_1_130' title='bbox 233 1999 389 2046; x_wconf 56' lang='lat' dir='ltr'>duitas</span> <span class='ocrx_word' id='word_1_131' title='bbox 403 2030 417 2055; x_wconf 91' lang='lat'>,</span> <span class='ocrx_word' id='word_1_132' title='bbox 446 1999 526 2045; x_wconf 80' lang='lat' dir='ltr'>nifi</span> <span class='ocrx_word' id='word_1_133' title='bbox 545 1999 790 2047; x_wconf 79' lang='lat' dir='ltr'>damnabili</span> <span class='ocrx_word' id='word_1_134' title='bbox 810 1999 982 2046; x_wconf 83' lang='lat' dir='ltr'>invidia</span> <span class='ocrx_word' id='word_1_135' title='bbox 1002 2035 1015 2056; x_wconf 90' lang='lat'><strong>,</strong></span> <span class='ocrx_word' id='word_1_136' title='bbox 1043 2001 1371 2060; x_wconf 78' lang='lat' dir='ltr'><strong>Imperatorem</strong></span> 
     </span>
     <span class='ocr_line' id='line_1_21' title="bbox 67 2069 1371 2132; baseline -0.001 -15"><span class='ocrx_word' id='word_1_137' title='bbox 67 2070 295 2132; x_wconf 86' lang='lat' dir='ltr'>optimum</span> <span class='ocrx_word' id='word_1_138' title='bbox 324 2071 580 2129; x_wconf 81' lang='lat' dir='ltr'>interemit3</span> <span class='ocrx_word' id='word_1_139' title='bbox 600 2089 702 2119; x_wconf 84' lang='lat' dir='ltr'>cum</span> <span class='ocrx_word' id='word_1_140' title='bbox 729 2073 769 2120; x_wconf 88' lang='lat' dir='ltr'>ei</span> <span class='ocrx_word' id='word_1_141' title='bbox 790 2072 899 2118; x_wconf 69' lang='lat' dir='ltr'>nihil</span> <span class='ocrx_word' id='word_1_142' title='bbox 920 2072 1039 2118; x_wconf 83' lang='lat' dir='ltr'>aliud</span> <span class='ocrx_word' id='word_1_143' title='bbox 1061 2069 1371 2129; x_wconf 73' lang='lat' dir='ltr'>ob}iceretur,</span> 
     </span>
     <span class='ocr_line' id='line_1_22' title="bbox 68 2143 1370 2211; baseline -0.001 -20"><span class='ocrx_word' id='word_1_144' title='bbox 68 2156 233 2207; x_wconf 81' lang='lat' dir='ltr'>praeter</span> <span class='ocrx_word' id='word_1_145' title='bbox 255 2143 338 2192; x_wconf 75' lang='lat' dir='ltr'>filii</span> <span class='ocrx_word' id='word_1_146' title='bbox 357 2144 554 2193; x_wconf 81' lang='lat' dir='ltr'>Herodis</span> <span class='ocrx_word' id='word_1_147' title='bbox 577 2145 772 2211; x_wconf 69' lang='lat' dir='ltr'>delicIas.</span> <span class='ocrx_word' id='word_1_148' title='bbox 788 2145 978 2194; x_wconf 82' lang='lat' dir='ltr'>Dicitur</span> <span class='ocrx_word' id='word_1_149' title='bbox 1005 2157 1153 2193; x_wconf 82' lang='lat' dir='ltr'>autem</span> <span class='ocrx_word' id='word_1_150' title='bbox 1173 2143 1370 2207; x_wconf 81' lang='lat' dir='ltr'><strong>primum</strong></span> 
     </span>
     <span class='ocr_line' id='line_1_23' title="bbox 69 2217 1372 2284; baseline -0.002 -18"><span class='ocrx_word' id='word_1_151' title='bbox 69 2234 173 2266; x_wconf 87' lang='lat' dir='ltr'>cum</span> <span class='ocrx_word' id='word_1_152' title='bbox 203 2217 407 2266; x_wconf 83' lang='lat' dir='ltr'>Zenobia</span> <span class='ocrx_word' id='word_1_153' title='bbox 441 2218 734 2275; x_wconf 78' lang='lat' dir='ltr'>consenfiffe,</span> <span class='ocrx_word' id='word_1_154' title='bbox 756 2236 859 2284; x_wconf 79' lang='lat' dir='ltr'>quae</span> <span class='ocrx_word' id='word_1_155' title='bbox 892 2219 1009 2267; x_wconf 82' lang='lat' dir='ltr'>ferre</span> <span class='ocrx_word' id='word_1_156' title='bbox 1038 2234 1133 2266; x_wconf 88' lang='lat' dir='ltr'>non</span> <span class='ocrx_word' id='word_1_157' title='bbox 1162 2227 1372 2280; x_wconf 79' lang='lat' dir='ltr'><strong>poterat,</strong></span> 
     </span>
     <span class='ocr_line' id='line_1_24' title="bbox 67 2289 1374 2358; baseline -0.002 -19"><span class='ocrx_word' id='word_1_158' title='bbox 67 2305 118 2339; x_wconf 90' lang='lat' dir='ltr'>ut</span> <span class='ocrx_word' id='word_1_159' title='bbox 147 2291 385 2356; x_wconf 81' lang='lat' dir='ltr'>privignus</span> <span class='ocrx_word' id='word_1_160' title='bbox 405 2290 500 2354; x_wconf 85' lang='lat' dir='ltr'>ejus</span> <span class='ocrx_word' id='word_1_161' title='bbox 527 2293 736 2341; x_wconf 84' lang='lat' dir='ltr'>Herodes</span> <span class='ocrx_word' id='word_1_162' title='bbox 772 2294 926 2358; x_wconf 84' lang='lat' dir='ltr'>priore</span> <span class='ocrx_word' id='word_1_163' title='bbox 963 2295 1073 2342; x_wconf 87' lang='lat' dir='ltr'>loco</span> <span class='ocrx_word' id='word_1_164' title='bbox 1092 2309 1256 2357; x_wconf 81' lang='lat' dir='ltr'>,quam</span> <span class='ocrx_word' id='word_1_165' title='bbox 1287 2289 1374 2338; x_wconf 85' lang='lat' dir='ltr'>filii</span> 
     </span>
     <span class='ocr_line' id='line_1_25' title="bbox 69 2364 1372 2428; baseline 0 -16"><span class='ocrx_word' id='word_1_166' title='bbox 69 2364 168 2427; x_wconf 81' lang='lat' dir='ltr'>ejus</span> <span class='ocrx_word' id='word_1_167' title='bbox 183 2401 197 2423; x_wconf 88' lang='lat'><em>‚</em></span> <span class='ocrx_word' id='word_1_168' title='bbox 217 2365 533 2427; x_wconf 65' lang='lat' dir='ltr'>Herennianus</span> <span class='ocrx_word' id='word_1_169' title='bbox 551 2369 601 2416; x_wconf 88' lang='lat'>&amp;</span> <span class='ocrx_word' id='word_1_170' title='bbox 614 2367 853 2415; x_wconf 78' lang='lat' dir='ltr'>Timolaus</span> <span class='ocrx_word' id='word_1_171' title='bbox 868 2403 882 2426; x_wconf 93' lang='lat'>‚</span> <span class='ocrx_word' id='word_1_172' title='bbox 907 2366 1137 2428; x_wconf 83' lang='lat' dir='ltr'>Principes</span> <span class='ocrx_word' id='word_1_173' title='bbox 1161 2365 1372 2414; x_wconf 65' lang='lat' dir='ltr'>diceren—</span> 
     </span>
    </p>
   </div>
   <div class='ocr_carea' id='block_1_10' title="bbox 71 2439 1375 2575">
    <p class='ocr_par' dir='ltr' id='par_1_10' title="bbox 71 2439 1375 2575">
     <span class='ocr_line' id='line_1_26' title="bbox 71 2439 1375 2560; baseline 0.002 -73"><span class='ocrx_word' id='word_1_174' title='bbox 71 2451 157 2488; x_wconf 79' lang='lat' dir='ltr'><strong>tur.</strong></span> <span class='ocrx_word' id='word_1_175' title='bbox 181 2440 268 2488; x_wconf 86' lang='lat' dir='ltr'>Sed</span> <span class='ocrx_word' id='word_1_176' title='bbox 291 2439 370 2489; x_wconf 88' lang='lat' dir='ltr'>hic</span> <span class='ocrx_word' id='word_1_177' title='bbox 398 2457 586 2505; x_wconf 81' lang='lat' dir='ltr'>quoque</span> <span class='ocrx_word' id='word_1_178' title='bbox 611 2441 917 2504; x_wconf 75' lang='lat' dir='ltr'>spurciffimus</span> <span class='ocrx_word' id='word_1_179' title='bbox 942 2440 1058 2560; x_wconf 56' lang='lat' dir='ltr'>fuiti1</span> <span class='ocrx_word' id='word_1_180' title='bbox 1067 2457 1206 2503; x_wconf 79' lang='lat' dir='ltr'>quare</span> <span class='ocrx_word' id='word_1_181' title='bbox 1223 2441 1375 2503; x_wconf 55' lang='grc' dir='ltr'>[τηρεε</span> 
     </span>
     <span class='ocr_line' id='line_1_27' title="bbox 1091 2529 1123 2575; baseline 0 -14"><span class='ocrx_word' id='word_1_182' title='bbox 1091 2529 1123 2575; x_wconf 67' lang='lat'>4</span> 
     </span>
    </p>
   </div>
   <div class='ocr_carea' id='block_1_11' title="bbox 1352 648 1425 693">
    <p class='ocr_par' dir='ltr' id='par_1_11' title="bbox 1352 648 1425 693">
     <span class='ocr_line' id='line_1_28' title="bbox 1352 648 1425 693; baseline 0 -16"><span class='ocrx_word' id='word_1_183' title='bbox 1352 688 1356 693; x_wconf 86' lang='lat'>.</span> <span class='ocrx_word' id='word_1_184' title='bbox 1412 648 1425 677; x_wconf 75' lang='lat' dir='ltr'><em>l</em></span> 
     </span>
    </p>
   </div>
  </div>
 </body>
</html>
