1714 2807
325 145 417 190 260
532 144 1391 194 AELIILAMPRIDII

321 261 389 295 ter
413 248 554 306 vixit,
579 262 629 296 ut
649 252 901 297 communis
922 253 1024 299 esset
1048 254 1087 300 ei
1110 254 1220 317 saepe
1241 256 1490 315 confestim,
1512 257 1597 305 iret

319 323 369 368 δι
395 322 449 368 ad
470 322 685 370 convivia
707 340 862 370 eorum
879 341 893 379 ;
912 325 1085 388 aliquos
1110 341 1253 374 autem
1280 329 1457 376 haberet
1480 346 1595 392 quo-

319 393 513 441 tidianos
537 395 666 442 etiam
695 413 788 443 non
812 413 1028 453 vocatos;
1057 401 1315 447 salutaretur
1341 420 1453 449 vero
1473 403 1594 465 quast

318 484 433 514 unus
456 469 508 515 de
527 470 813 518 Senatoribus
827 508 841 530 ‚
867 486 1044 534 patente
1067 474 1172 521 velo
1188 510 1199 528 ,
1218 476 1595 522 admissionalibus

317 542 526 601 remotis,
559 555 633 589 aut
669 543 769 589 solis
811 545 891 602 iis,
924 547 999 609 qui
1039 548 1223 594 ministri
1258 549 1310 594 ad
1349 549 1467 595 fores
1499 549 1595 596 fue-

317 630 441 660 rant:
473 632 574 662 cum
612 630 738 663 antea
771 618 950 665 salutare
991 620 1242 681 Principem
1285 637 1377 666 non
1414 623 1593 680 liceret,

315 688 442 750 quod
464 704 541 735 eos
572 689 723 736 videre
748 707 839 737 non
868 704 1057 751 poterat.
1085 695 1138 737 Et
1161 704 1254 739 erat
1274 694 1478 755 corporis
1508 712 1594 741 ve-

315 760 484 806 nustate
514 761 703 808 decorus
721 797 733 816 ,
762 775 809 808 ut
843 763 1067 825 hodieque
1092 763 1138 808 in
1164 764 1342 824 picturis
1369 767 1417 813 &
1444 767 1489 811 in
1514 767 1593 812 sta·

315 833 402 878 tuis
433 832 650 880 videmus.
681 835 779 880 Fuit
803 836 853 882 &
886 835 1058 881 staturae
1088 835 1313 884 militaris:
1337 838 1478 884 robur
1508 839 1593 885 mi-

313 903 432 961 litis,
452 906 666 952 valetudo
690 905 782 965 ejus
800 942 813 963 ‚
837 907 916 970 qui
942 907 1031 953 vim
1052 907 1113 952 sui
1136 910 1342 970 corporis
1362 909 1518 965 sciret,
1539 928 1592 958 ac

314 976 487 1038 semper
522 993 709 1026 curaret.
751 981 854 1025 Erat
888 994 1100 1041 praeterea
1127 983 1295 1028 cunctis
1335 984 1594 1031 hominibus

314 1052 540 1099 amabilis:
569 1055 618 1101 &
648 1055 703 1100 ab
731 1056 826 1101 aliis
863 1055 959 1118 pius
991 1057 1321 1118 appellabatur,
1355 1058 1411 1104 ab
1442 1059 1591 1105 omni-

315 1123 398 1169 bus
420 1139 538 1170 certe
559 1126 756 1183 sanctus,
781 1129 830 1174 &
858 1128 976 1174 utilis
1003 1128 1273 1191 reipublicae.
1300 1129 1414 1177 Huic
1436 1130 1526 1177 sors
1547 1131 1593 1178 in

313 1198 484 1258 templo
513 1198 792 1246 Praenestinae
820 1200 914 1247 talis
938 1200 1134 1260 exstitit,
1154 1219 1255 1251 cum
1286 1201 1350 1249 illi
1376 1203 1593 1268 Helioga÷

313 1269 438 1317 halus
459 1271 732 1319 infidiaretur
756 1291 768 1320 :
1355 1273 1358 1276 Α

442 1375 516 1383 --
572 1375 649 1383 -
705 1347 758 1391 Si
785 1365 864 1407 qua
882 1347 986 1405 fata
1016 1350 1158 1409 aspera
1188 1365 1382 1409 rumpas,

379 1415 448 1460 Tu
475 1417 700 1460 Marcellus
730 1418 823 1462 eris.

376 1488 435 1534 V.
463 1487 711 1532 Alexandri
743 1503 910 1534 nomen
945 1488 1149 1551 accepit,
1174 1489 1301 1553 quod
1338 1489 1384 1536 in
1420 1491 1591 1553 templo

309 1560 460 1608 dicato
478 1595 490 1615 ,
510 1561 629 1622 apud
653 1563 875 1609 Arcenam
902 1562 1058 1610 urbem
1074 1599 1088 1622 ,
1113 1563 1370 1611 Alexandro
1390 1566 1588 1628 Magno,

310 1648 439 1681 natus
469 1634 602 1689 effet3
638 1651 742 1681 cum
772 1635 871 1682 casu
900 1635 1035 1693 illuc,
1064 1636 1137 1682 die
1169 1636 1282 1683 festo
1318 1637 1591 1697 Alexandri,

311 1722 435 1771 pater
455 1725 554 1755 cum
576 1725 721 1755 uxore
748 1709 900 1771 patriae
920 1709 1206 1756 solemnitatis
1225 1710 1460 1773 implendae
1480 1728 1590 1759 cau-

307 1780 353 1827 sa
388 1781 589 1828 veniffet.
619 1781 693 1830 cui
721 1782 784 1828 rei
811 1796 1117 1844 argumentum
1156 1782 1245 1841 est,
1275 1784 1400 1847 quod
1435 1785 1587 1831 eadem

308 1854 381 1902 die
407 1855 595 1901 natalem
622 1855 754 1902 habet
773 1855 843 1902 hic
862 1857 1105 1900 Mammaeae
1130 1855 1408 1913 Alexander,
1427 1872 1512 1917 qua
1537 1856 1587 1901 il-

307 1926 349 1973 le
369 1929 556 1990 Magnus
577 1928 754 1975 exceffit
770 1943 792 1973 e
813 1927 921 1973 vita.
939 1927 1152 1973 Delatum
1176 1926 1252 1972 fibi
1271 1929 1487 1972 Antonini
1506 1943 1587 1972 no-

309 2015 412 2044 men
446 2016 467 2044 a
499 2000 661 2045 Senatu
697 1998 947 2056 recusavit,
980 2015 1080 2045 cum
1113 1997 1185 2044 hic
1216 1998 1352 2061 magis
1377 1998 1587 2046 affinitate

305 2072 524 2119 Caracalli
556 2071 810 2135 jungeretur
830 2106 844 2126 ,
876 2087 1008 2132 quam
1036 2070 1109 2115 ille
1143 2070 1406 2116 subditivus.
1436 2069 1583 2132 Siqui-

307 2147 406 2192 dem
438 2149 508 2205 (ut
538 2148 701 2191 Marius
731 2144 953 2189 Maximus
982 2143 1095 2189 dixit
1119 2143 1163 2188 in
1190 2143 1281 2189 vita
1303 2142 1481 2206 Severi)
1500 2160 1585 2190 no-

304 2219 439 2266 bilem
463 2218 666 2265 Orientis
687 2217 915 2262 mulierem
944 2217 1155 2273 Severus,
1176 2215 1300 2275 cujus
1321 2217 1438 2262 hanc
1458 2216 1583 2278 geni-

306 2305 450 2338 turam
480 2291 563 2336 effe
589 2300 896 2351 compererat,
922 2302 969 2334 ut
997 2304 1114 2332 uxor
1142 2287 1426 2348 Imperatoris
1453 2286 1580 2343 effet,

307 2364 455 2410 adhuc
483 2363 683 2424 privatus
703 2366 750 2408 ὅ(
772 2377 863 2406 non
885 2361 1030 2422 magni
1056 2359 1155 2405 satis
1181 2359 1301 2416 loci,
1323 2359 1449 2404 (luxit
1471 2375 1582 2404 uxo-

307 2450 429 2485 rem:
452 2451 508 2485 ex
533 2451 622 2501 qua
649 2434 862 2482 affinitate
892 2433 964 2482 hic
989 2432 1242 2481 Alexander
1271 2430 1385 2493 fuit,
1410 2431 1483 2483 cui
1504 2446 1581 2479 ve—
