1714 2807
298 161 392 218 284
510 160 738 207 AELIt
804 162 1375 211 LAMPRIDII

295 278 344 312 ut
378 264 559 328 quidam
596 266 865 328 praedicant,
905 268 1154 316 Hadrianus
1193 270 1420 319 habuisset.
1453 272 1568 320 Usus

295 337 507 383 convivii
536 337 718 384 diurnus
741 338 812 385 hic
837 338 943 385 fuit:
975 340 1068 387 vini
1096 342 1149 387 ad
1169 356 1311 388 totum
1336 342 1450 389 diem
1470 343 1569 390 sex-

292 409 394 455 tarii
430 410 635 473 triginta,
668 411 791 473 panis
822 411 974 457 mundi
1014 413 1170 474 pondo
1201 413 1406 475 triginta,
1443 414 1568 476 panis

293 479 517 545 sequentis
548 484 601 530 ad
630 483 887 530 donandum
917 486 1074 544 pondo
1095 486 1429 548 quinquaginta.
1454 488 1569 534 Nam

293 554 464 614 semper
491 555 544 601 de
578 572 709 600 manu
735 555 803 599 sua
828 554 1035 600 ministris
1067 555 1275 601 convivii
1303 557 1350 603 ὅ(
1381 574 1568 618 panem,

291 627 344 674 ὅ(
383 640 525 688 partes
573 640 645 673 aut
688 627 892 681 olerum,
938 639 1011 672 aut
1053 627 1228 684 carnis,
1268 643 1339 675 aut
1382 629 1570 692 legumi-

293 715 400 744 num
435 700 591 754 dabat‚
623 699 746 745 senili
783 698 961 760 prorsus
996 699 1242 745 maturitate
1271 701 1569 761 patremfami-

293 771 373 818 lias
399 789 545 836 agens.
579 774 714 818 Erant
740 773 912 818 decreta
940 773 988 818 &
1023 773 1167 818 carnis
1199 773 1380 819 diversae
1415 776 1570 835 pondo

293 846 505 908 triginta,
543 858 667 891 erant
705 848 750 891 ὅ(
783 843 1010 906 gallinacei
1050 845 1156 891 duo.
1192 837 1491 891 Ad'bibebarur
1523 849 1573 894 &

293 921 419 966 anser
451 921 603 965 diebus
645 919 787 965 festis:
822 918 1038 964 Kalendis
1076 932 1218 965 autem
1253 921 1491 978 Linum-iis,
1523 924 1573 969 δε
1604 910 1605 914 ¹

293 991 462 1038 hilariis
498 991 652 1038 Matris
687 991 864 1046 Deum,
895 994 943 1038 ὅ(
984 992 1098 1038 ludis
1134 992 1487 1050 Apollinaribus.
1522 995 1573 1040 &

292 1063 421 1110 Jovis
449 1065 613 1126 epulo,
646 1065 693 1110 &
721 1063 1057 1117 Saturnalibus,
1091 1065 1138 1110 &
1175 1063 1426 1121 hujusmodi
1459 1065 1580 1111 festis-

293 1137 474 1193 diebus,
500 1136 709 1183 fasianus:
736 1137 791 1182 ita
819 1149 868 1182 ut
892 1137 1132 1197 aliquando
1158 1137 1207 1184 &
1233 1138 1322 1182 duo
1350 1155 1573 1198 poneren-

291 1221 396 1264 tur,
424 1209 582 1256 additis
619 1209 872 1273 gallinaceis
907 1211 1097 1257 duobus.
1133 1212 1330 1271 leporem
1372 1212 1574 1272 quotidie

292 1282 473 1339 habuit,
493 1283 783 1330 venationem
803 1282 1109 1345 frequentem:
1132 1282 1200 1329 sed
1221 1300 1313 1328 eam
1335 1300 1434 1329 cum
1461 1283 1574 1330 ami·

236 1346 250 1359 ⁸
294 1356 358 1402 cis
390 1356 641 1414 dividebat,
669 1358 716 1403 ὅ(
742 1355 810 1401 his
843 1356 1056 1410 maxime,
1090 1372 1204 1417 quos
1230 1354 1389 1402 sciebat
1425 1356 1575 1417 perse

293 1443 389 1472 non
422 1428 595 1474 habere.
626 1444 707 1474 nec
731 1427 946 1473 divitibus
973 1428 1214 1490 quidquam
1242 1428 1392 1473 talium
1420 1445 1574 1474 mune-

294 1517 392 1546 rum
424 1499 559 1558 misit,
585 1500 656 1546 sed
680 1501 734 1546 ab
762 1498 826 1545 his
858 1499 1027 1560 semper
1057 1499 1243 1558 accepit.
1271 1499 1434 1545 Habuit
1455 1517 1573 1562 quo-

294 1573 402 1620 tidie
429 1573 538 1620 milii
572 1574 658 1620 sine
690 1573 842 1635 pipere
875 1572 1084 1619 sextarios
1115 1587 1336 1634 quatuor,
1370 1590 1470 1619 cum
1503 1573 1573 1635 pi-

293 1663 399 1707 pere
432 1647 543 1693 duo:
575 1648 623 1694 δέ
646 1684 656 1698 ,
685 1664 740 1692 ne
765 1647 815 1692 sit
839 1647 1024 1708 longum
1047 1646 1196 1692 omnia
1229 1646 1442 1701 inserere,
1475 1663 1576 1709 quae

294 1719 522 1781 Gargilius
549 1718 765 1764 Martialis
797 1718 889 1777 ejus
918 1718 1135 1778 temporis
1162 1717 1351 1779 scriptor
1382 1718 1574 1781 singula-

294 1791 375 1837 tim
403 1791 657 1853 persecutus
683 1791 768 1848 est,
805 1792 958 1836 omnia
990 1793 1036 1837 &
1066 1792 1119 1837 ad
1151 1791 1333 1836 modum
1365 1792 1410 1838 δι
1442 1791 1575 1837 ratio-

295 1881 399 1909 nem
430 1863 494 1909 illi
525 1864 626 1909 sunt
652 1863 852 1925 praebita.
879 1863 1026 1910 Pomis
1059 1862 1344 1908 vehementer
1373 1862 1576 1921 indulsit,

295 1935 357 1981 ita
387 1949 433 1980 ut
460 1935 646 1982 secunda
675 1935 819 1981 mensa
846 1935 966 1981 illius
990 1935 1144 1997 saepius
1169 1947 1470 1996 ponerentur:
1493 1953 1575 1991 un-

296 2008 351 2053 de
370 2007 501 2053 etiam
519 2007 645 2064 jocus
662 2008 824 2054 exstitit
839 2039 853 2063 ,
873 2011 973 2053 Non
983 2010 1212 2068 ficandam
1230 2008 1411 2067 mensam
1433 2013 1574 2054 Alex·

297 2086 474 2129 andrum
504 2081 1127 2143 habere,sedsecundum.1pse
1160 2081 1263 2127 cibo
1290 2081 1482 2142 plurimo
1502 2097 1575 2126 re-

297 2155 552 2212 ficiebatur;
585 2158 696 2203 vino
732 2173 875 2219 neque
901 2173 1056 2218 parce,
1086 2172 1230 2218 neque
1264 2154 1476 2217 copiose,
1505 2153 1576 2201 af-

297 2230 420 2276 fatim
446 2243 604 2276 tamen.
634 2229 803 2293 Frigida
831 2229 998 2292 semper
1034 2247 1141 2291 pura
1168 2229 1289 2287 usus,
1320 2228 1462 2275 aestate
1498 2228 1574 2273 vi-

299 2320 362 2350 no
397 2320 494 2350 cum
523 2303 622 2349 rosa
657 2302 868 2349 condito:
907 2303 1031 2365 quod
1061 2302 1238 2364 quidem
1266 2301 1409 2347 solum
1432 2316 1485 2346 ex
1509 2299 1575 2346 di-

299 2375 432 2423 verso
463 2391 621 2437 genere
650 2375 928 2438 Heliogabali
953 2387 1167 2422 tenuerat.

384 2449 640 2500 XXXVffl.
668 2452 724 2498 Et
756 2448 973 2514 quoniam
1004 2448 1057 2497 de
1094 2446 1330 2514 lepusculis
1359 2445 1471 2496 fasta
1510 2444 1574 2494 est
