<?xml version="1.0" encoding="UTF-8"?>
<!DOCTYPE html PUBLIC "-//W3C//DTD XHTML 1.0 Transitional//EN"
    "http://www.w3.org/TR/xhtml1/DTD/xhtml1-transitional.dtd">
<html xmlns="http://www.w3.org/1999/xhtml" xml:lang="en" lang="en">
 <head>
  <title>
</title>
<meta http-equiv="Content-Type" content="text/html;charset=utf-8" />
  <meta name='ocr-system' content='tesseract 3.04.00' />
  <meta name='ocr-capabilities' content='ocr_page ocr_carea ocr_par ocr_line ocrx_word'/>
</head>
<body>
  <div class='ocr_page' id='page_1' title='image "./historiaeaugusta00bipouoft_0600.png"; bbox 0 0 1714 2807; ppageno 0'>
   <div class='ocr_carea' id='block_1_1' title="bbox 321 125 1422 190">
    <p class='ocr_par' dir='ltr' id='par_1_1' title="bbox 321 125 1422 190">
     <span class='ocr_line' id='line_1_1' title="bbox 321 125 1422 190; baseline 0 -16"><span class='ocrx_word' id='word_1_1' title='bbox 321 142 410 190; x_wconf 82' lang='lat'>192</span> <span class='ocrx_word' id='word_1_2' title='bbox 550 125 1422 174; x_wconf 85' lang='lat' dir='ltr'>FLAVIIVOPISCI</span> 
     </span>
    </p>
   </div>
   <div class='ocr_carea' id='block_1_2' title="bbox 314 213 1629 2483">
    <p class='ocr_par' dir='ltr' id='par_1_2' title="bbox 314 213 1619 953">
     <span class='ocr_line' id='line_1_2' title="bbox 314 213 1616 294; baseline 0.001 -13"><span class='ocrx_word' id='word_1_3' title='bbox 314 232 506 281; x_wconf 86' lang='lat' dir='ltr'>nomine</span> <span class='ocrx_word' id='word_1_4' title='bbox 529 213 737 281; x_wconf 70' lang='lat' dir='ltr'>Romana</span> <span class='ocrx_word' id='word_1_5' title='bbox 763 232 1036 294; x_wconf 81' lang='lat' dir='ltr'><strong>respublica,</strong></span> <span class='ocrx_word' id='word_1_6' title='bbox 1067 247 1117 281; x_wconf 93' lang='lat' dir='ltr'>ut</span> <span class='ocrx_word' id='word_1_7' title='bbox 1141 234 1290 281; x_wconf 88' lang='lat' dir='ltr'>nullus</span> <span class='ocrx_word' id='word_1_8' title='bbox 1317 235 1515 282; x_wconf 82' lang='lat' dir='ltr'>interrex</span> <span class='ocrx_word' id='word_1_9' title='bbox 1542 235 1616 282; x_wconf 88' lang='lat' dir='ltr'>bi-</span> 
     </span>
     <span class='ocr_line' id='line_1_3' title="bbox 314 305 1618 369; baseline 0 -15"><span class='ocrx_word' id='word_1_10' title='bbox 314 307 410 354; x_wconf 88' lang='lat' dir='ltr'>duo</span> <span class='ocrx_word' id='word_1_11' title='bbox 438 305 586 353; x_wconf 89' lang='lat' dir='ltr'>saltem</span> <span class='ocrx_word' id='word_1_12' title='bbox 621 305 837 352; x_wconf 90' lang='lat' dir='ltr'>triduove</span> <span class='ocrx_word' id='word_1_13' title='bbox 865 320 1107 354; x_wconf 80' lang='lat' dir='ltr'><strong>crearetur.</strong></span> <span class='ocrx_word' id='word_1_14' title='bbox 1140 308 1315 362; x_wconf 78' lang='lat' dir='ltr'>Video,</span> <span class='ocrx_word' id='word_1_15' title='bbox 1349 309 1460 354; x_wconf 81' lang='lat' dir='ltr'>mibi</span> <span class='ocrx_word' id='word_1_16' title='bbox 1495 308 1618 369; x_wconf 77' lang='lat' dir='ltr'>posse</span> 
     </span>
     <span class='ocr_line' id='line_1_4' title="bbox 316 379 1618 444; baseline 0.002 -17"><span class='ocrx_word' id='word_1_17' title='bbox 316 379 490 440; x_wconf 83' lang='lat' dir='ltr'>objici,</span> <span class='ocrx_word' id='word_1_18' title='bbox 528 379 707 426; x_wconf 89' lang='lat' dir='ltr'>curules</span> <span class='ocrx_word' id='word_1_19' title='bbox 741 379 1018 444; x_wconf 82' lang='lat' dir='ltr'>magistratus</span> <span class='ocrx_word' id='word_1_20' title='bbox 1045 382 1163 442; x_wconf 85' lang='lat' dir='ltr'>apud</span> <span class='ocrx_word' id='word_1_21' title='bbox 1203 381 1395 436; x_wconf 72' lang='lat' dir='ltr'>maiores</span> <span class='ocrx_word' id='word_1_22' title='bbox 1435 383 1618 430; x_wconf 86' lang='lat' dir='ltr'>nostros</span> 
     </span>
     <span class='ocr_line' id='line_1_5' title="bbox 318 451 1619 514; baseline 0.004 -17"><span class='ocrx_word' id='word_1_23' title='bbox 318 451 666 514; x_wconf 82' lang='lat' dir='ltr'>quadriennium</span> <span class='ocrx_word' id='word_1_24' title='bbox 700 451 747 499; x_wconf 90' lang='lat' dir='ltr'>in</span> <span class='ocrx_word' id='word_1_25' title='bbox 787 453 1012 514; x_wconf 82' lang='lat' dir='ltr'>republica</span> <span class='ocrx_word' id='word_1_26' title='bbox 1054 471 1148 500; x_wconf 89' lang='lat' dir='ltr'>non</span> <span class='ocrx_word' id='word_1_27' title='bbox 1184 455 1342 502; x_wconf 72' lang='lat' dir='ltr'>fuisse:</span> <span class='ocrx_word' id='word_1_28' title='bbox 1383 454 1456 502; x_wconf 91' lang='lat' dir='ltr'>sed</span> <span class='ocrx_word' id='word_1_29' title='bbox 1492 468 1619 502; x_wconf 88' lang='lat' dir='ltr'>erant</span> 
     </span>
     <span class='ocr_line' id='line_1_6' title="bbox 315 525 1618 590; baseline 0.002 -18"><span class='ocrx_word' id='word_1_30' title='bbox 315 525 512 572; x_wconf 83' lang='lat' dir='ltr'>Tribuni</span> <span class='ocrx_word' id='word_1_31' title='bbox 545 525 685 588; x_wconf 88' lang='lat' dir='ltr'>plebis</span> <span class='ocrx_word' id='word_1_32' title='bbox 714 543 817 573; x_wconf 91' lang='lat' dir='ltr'>cum</span> <span class='ocrx_word' id='word_1_33' title='bbox 849 527 1089 574; x_wconf 83' lang='lat' dir='ltr'>tribunicia</span> <span class='ocrx_word' id='word_1_34' title='bbox 1124 528 1367 590; x_wconf 83' lang='lat' dir='ltr'>potestate,</span> <span class='ocrx_word' id='word_1_35' title='bbox 1386 546 1488 590; x_wconf 83' lang='lat' dir='ltr'>quae</span> <span class='ocrx_word' id='word_1_36' title='bbox 1518 544 1618 589; x_wconf 86' lang='lat' dir='ltr'>pars</span> 
     </span>
     <span class='ocr_line' id='line_1_7' title="bbox 315 598 1615 663; baseline 0.001 -17"><span class='ocrx_word' id='word_1_37' title='bbox 315 599 511 646; x_wconf 86' lang='lat' dir='ltr'>maxima</span> <span class='ocrx_word' id='word_1_38' title='bbox 540 598 698 661; x_wconf 86' lang='lat' dir='ltr'>regalis</span> <span class='ocrx_word' id='word_1_39' title='bbox 726 599 904 663; x_wconf 86' lang='lat' dir='ltr'>imperii</span> <span class='ocrx_word' id='word_1_40' title='bbox 940 602 1031 647; x_wconf 77' lang='lat' dir='ltr'>est:</span> <span class='ocrx_word' id='word_1_41' title='bbox 1064 615 1211 646; x_wconf 82' lang='lat' dir='ltr'>tamen</span> <span class='ocrx_word' id='word_1_42' title='bbox 1244 618 1336 646; x_wconf 86' lang='lat' dir='ltr'>non</span> <span class='ocrx_word' id='word_1_43' title='bbox 1376 603 1435 646; x_wconf 74' lang='lat' dir='ltr'>est</span> <span class='ocrx_word' id='word_1_44' title='bbox 1463 602 1615 663; x_wconf 88' lang='lat' dir='ltr'>prodi-</span> 
     </span>
     <span class='ocr_line' id='line_1_8' title="bbox 316 671 1616 734; baseline 0 -14"><span class='ocrx_word' id='word_1_45' title='bbox 316 684 413 720; x_wconf 78' lang='lat' dir='ltr'>tum</span> <span class='ocrx_word' id='word_1_46' title='bbox 432 708 445 728; x_wconf 91' lang='lat'>,</span> <span class='ocrx_word' id='word_1_47' title='bbox 471 671 711 734; x_wconf 82' lang='lat' dir='ltr'>interreges</span> <span class='ocrx_word' id='word_1_48' title='bbox 736 688 792 718; x_wconf 91' lang='lat' dir='ltr'>eo</span> <span class='ocrx_word' id='word_1_49' title='bbox 819 684 1025 734; x_wconf 87' lang='lat' dir='ltr'>tempore</span> <span class='ocrx_word' id='word_1_50' title='bbox 1052 690 1144 717; x_wconf 93' lang='lat' dir='ltr'>non</span> <span class='ocrx_word' id='word_1_51' title='bbox 1168 672 1303 719; x_wconf 74' lang='lat' dir='ltr'>fuisse.</span> <span class='ocrx_word' id='word_1_52' title='bbox 1328 674 1458 733; x_wconf 68' lang='lat' dir='ltr'>Quin</span> <span class='ocrx_word' id='word_1_53' title='bbox 1482 676 1616 720; x_wconf 89' lang='lat' dir='ltr'>etiam</span> 
     </span>
     <span class='ocr_line' id='line_1_9' title="bbox 315 740 1618 804; baseline 0.001 -12"><span class='ocrx_word' id='word_1_54' title='bbox 315 745 574 792; x_wconf 77' lang='lat' dir='ltr'>verioribus</span> <span class='ocrx_word' id='word_1_55' title='bbox 609 744 833 791; x_wconf 86' lang='lat' dir='ltr'>historicis</span> <span class='ocrx_word' id='word_1_56' title='bbox 873 744 1169 792; x_wconf 84' lang='lat' dir='ltr'>referentibus</span> <span class='ocrx_word' id='word_1_57' title='bbox 1207 746 1476 792; x_wconf 82' lang='lat' dir='ltr'>declaratum</span> <span class='ocrx_word' id='word_1_58' title='bbox 1516 740 1618 804; x_wconf 73' lang='lat' dir='ltr'>est,</span> 
     </span>
     <span class='ocr_line' id='line_1_10' title="bbox 317 815 1617 880; baseline 0.001 -16"><span class='ocrx_word' id='word_1_59' title='bbox 317 817 543 864; x_wconf 84' lang='lat' dir='ltr'>Consules</span> <span class='ocrx_word' id='word_1_60' title='bbox 577 817 633 862; x_wconf 86' lang='lat' dir='ltr'>ab</span> <span class='ocrx_word' id='word_1_61' title='bbox 667 815 962 878; x_wconf 78' lang='lat' dir='ltr'>interregibus</span> <span class='ocrx_word' id='word_1_62' title='bbox 995 817 1116 880; x_wconf 87' lang='lat' dir='ltr'>prius</span> <span class='ocrx_word' id='word_1_63' title='bbox 1142 830 1317 865; x_wconf 84' lang='lat' dir='ltr'>creatos</span> <span class='ocrx_word' id='word_1_64' title='bbox 1339 854 1353 875; x_wconf 88' lang='lat'>‚</span> <span class='ocrx_word' id='word_1_65' title='bbox 1377 819 1454 880; x_wconf 89' lang='lat' dir='ltr'>qui</span> <span class='ocrx_word' id='word_1_66' title='bbox 1476 818 1617 865; x_wconf 83' lang='lat' dir='ltr'>habe-</span> 
     </span>
     <span class='ocr_line' id='line_1_11' title="bbox 320 890 1333 953; baseline -0.001 -16"><span class='ocrx_word' id='word_1_67' title='bbox 320 903 422 937; x_wconf 81' lang='lat' dir='ltr'>rent</span> <span class='ocrx_word' id='word_1_68' title='bbox 454 891 736 952; x_wconf 87' lang='lat' dir='ltr'>reliquorum</span> <span class='ocrx_word' id='word_1_69' title='bbox 767 890 953 937; x_wconf 87' lang='lat' dir='ltr'>comitia</span> <span class='ocrx_word' id='word_1_70' title='bbox 981 891 1333 953; x_wconf 78' lang='lat' dir='ltr'>magistratuum.</span> 
     </span>
    </p>

    <p class='ocr_par' dir='ltr' id='par_1_3' title="bbox 320 962 1629 2483">
     <span class='ocr_line' id='line_1_12' title="bbox 386 962 1619 1026; baseline 0.002 -18"><span class='ocrx_word' id='word_1_71' title='bbox 386 964 438 1009; x_wconf 86' lang='lat'>11.</span> <span class='ocrx_word' id='word_1_72' title='bbox 474 963 623 1025; x_wconf 84' lang='lat' dir='ltr'>Ergo,</span> <span class='ocrx_word' id='word_1_73' title='bbox 656 963 785 1026; x_wconf 87' lang='lat' dir='ltr'>quod</span> <span class='ocrx_word' id='word_1_74' title='bbox 819 980 963 1009; x_wconf 88' lang='lat' dir='ltr'>rarum</span> <span class='ocrx_word' id='word_1_75' title='bbox 994 966 1040 1010; x_wconf 74' lang='grc' dir='ltr'>ἂ</span> <span class='ocrx_word' id='word_1_76' title='bbox 1075 963 1258 1010; x_wconf 86' lang='lat' dir='ltr'>difficile</span> <span class='ocrx_word' id='word_1_77' title='bbox 1286 962 1396 1019; x_wconf 86' lang='lat' dir='ltr'>fuit,</span> <span class='ocrx_word' id='word_1_78' title='bbox 1433 963 1619 1010; x_wconf 86' lang='lat' dir='ltr'>Senatus</span> 
     </span>
     <span class='ocr_line' id='line_1_13' title="bbox 320 1035 1619 1102; baseline 0.001 -21"><span class='ocrx_word' id='word_1_79' title='bbox 320 1035 609 1102; x_wconf 77' lang='lat' dir='ltr'>populusque</span> <span class='ocrx_word' id='word_1_80' title='bbox 634 1037 868 1082; x_wconf 87' lang='lat' dir='ltr'>Romanus</span> <span class='ocrx_word' id='word_1_81' title='bbox 902 1037 1127 1098; x_wconf 81' lang='lat' dir='ltr'>perpessus</span> <span class='ocrx_word' id='word_1_82' title='bbox 1162 1036 1253 1092; x_wconf 84' lang='lat' dir='ltr'>est,</span> <span class='ocrx_word' id='word_1_83' title='bbox 1286 1050 1333 1082; x_wconf 91' lang='lat' dir='ltr'>ut</span> <span class='ocrx_word' id='word_1_84' title='bbox 1369 1039 1619 1100; x_wconf 82' lang='lat' dir='ltr'>Imperato-</span> 
     </span>
     <span class='ocr_line' id='line_1_14' title="bbox 320 1108 1623 1172; baseline -0.002 -15"><span class='ocrx_word' id='word_1_85' title='bbox 320 1127 416 1157; x_wconf 83' lang='lat' dir='ltr'>rem</span> <span class='ocrx_word' id='word_1_86' title='bbox 448 1126 525 1172; x_wconf 87' lang='lat' dir='ltr'>per</span> <span class='ocrx_word' id='word_1_87' title='bbox 554 1109 629 1156; x_wconf 79' lang='lat' dir='ltr'>sex</span> <span class='ocrx_word' id='word_1_88' title='bbox 664 1108 866 1167; x_wconf 83' lang='lat' dir='ltr'>menses,</span> <span class='ocrx_word' id='word_1_89' title='bbox 898 1110 1005 1155; x_wconf 86' lang='lat' dir='ltr'>dum</span> <span class='ocrx_word' id='word_1_90' title='bbox 1036 1113 1181 1155; x_wconf 90' lang='lat' dir='ltr'>bonus</span> <span class='ocrx_word' id='word_1_91' title='bbox 1207 1109 1451 1171; x_wconf 85' lang='lat' dir='ltr'>quaeritur‚</span> <span class='ocrx_word' id='word_1_92' title='bbox 1471 1108 1623 1170; x_wconf 83' lang='lat' dir='ltr'>respu-</span> 
     </span>
     <span class='ocr_line' id='line_1_15' title="bbox 320 1180 1617 1239; baseline -0.002 -10"><span class='ocrx_word' id='word_1_93' title='bbox 320 1183 439 1230; x_wconf 72' lang='lat' dir='ltr'>blica</span> <span class='ocrx_word' id='word_1_94' title='bbox 468 1198 563 1227; x_wconf 91' lang='lat' dir='ltr'>non</span> <span class='ocrx_word' id='word_1_95' title='bbox 598 1182 796 1228; x_wconf 77' lang='lat' dir='ltr'>haberet.</span> <span class='ocrx_word' id='word_1_96' title='bbox 833 1183 950 1239; x_wconf 79' lang='lat' dir='ltr'>Quae</span> <span class='ocrx_word' id='word_1_97' title='bbox 980 1182 1051 1227; x_wconf 90' lang='lat' dir='ltr'>illa</span> <span class='ocrx_word' id='word_1_98' title='bbox 1093 1182 1342 1228; x_wconf 89' lang='lat' dir='ltr'>concordia</span> <span class='ocrx_word' id='word_1_99' title='bbox 1385 1180 1617 1228; x_wconf 80' lang='lat' dir='ltr'>militum?</span> 
     </span>
     <span class='ocr_line' id='line_1_16' title="bbox 321 1255 1617 1318; baseline -0.002 -16"><span class='ocrx_word' id='word_1_100' title='bbox 321 1270 493 1317; x_wconf 75' lang='lat' dir='ltr'>quanta</span> <span class='ocrx_word' id='word_1_101' title='bbox 522 1255 698 1318; x_wconf 87' lang='lat' dir='ltr'>populo</span> <span class='ocrx_word' id='word_1_102' title='bbox 726 1255 891 1317; x_wconf 82' lang='lat' dir='ltr'>quies?</span> <span class='ocrx_word' id='word_1_103' title='bbox 913 1272 1048 1317; x_wconf 87' lang='lat' dir='ltr'>quam</span> <span class='ocrx_word' id='word_1_104' title='bbox 1081 1257 1228 1318; x_wconf 84' lang='lat' dir='ltr'>gravis</span> <span class='ocrx_word' id='word_1_105' title='bbox 1254 1256 1441 1302; x_wconf 85' lang='lat' dir='ltr'>Senatus</span> <span class='ocrx_word' id='word_1_106' title='bbox 1463 1256 1617 1301; x_wconf 58' lang='lat' dir='ltr'>audio-</span> 
     </span>
     <span class='ocr_line' id='line_1_17' title="bbox 323 1326 1621 1390; baseline -0.002 -14"><span class='ocrx_word' id='word_1_107' title='bbox 323 1330 428 1377; x_wconf 79' lang='lat' dir='ltr'>ritas</span> <span class='ocrx_word' id='word_1_108' title='bbox 457 1326 623 1374; x_wconf 80' lang='lat' dir='ltr'>fuerit?</span> <span class='ocrx_word' id='word_1_109' title='bbox 642 1327 806 1374; x_wconf 90' lang='lat' dir='ltr'>Nullus</span> <span class='ocrx_word' id='word_1_110' title='bbox 833 1326 1018 1387; x_wconf 79' lang='lat' dir='ltr'>usquam</span> <span class='ocrx_word' id='word_1_111' title='bbox 1057 1341 1279 1390; x_wconf 86' lang='lat' dir='ltr'>tyrannus</span> <span class='ocrx_word' id='word_1_112' title='bbox 1312 1327 1515 1374; x_wconf 75' lang='lat' dir='ltr'>emersit:</span> <span class='ocrx_word' id='word_1_113' title='bbox 1544 1327 1621 1374; x_wconf 91' lang='lat' dir='ltr'>sub</span> 
     </span>
     <span class='ocr_line' id='line_1_18' title="bbox 324 1397 1624 1461; baseline -0.001 -15"><span class='ocrx_word' id='word_1_114' title='bbox 324 1398 500 1461; x_wconf 78' lang='lat' dir='ltr'>judicio</span> <span class='ocrx_word' id='word_1_115' title='bbox 526 1399 713 1444; x_wconf 86' lang='lat' dir='ltr'>Senatus</span> <span class='ocrx_word' id='word_1_116' title='bbox 745 1397 795 1445; x_wconf 85' lang='lat'>&amp;</span> <span class='ocrx_word' id='word_1_117' title='bbox 820 1397 1015 1444; x_wconf 86' lang='lat' dir='ltr'>militum</span> <span class='ocrx_word' id='word_1_118' title='bbox 1044 1399 1294 1461; x_wconf 82' lang='lat' dir='ltr'>populique</span> <span class='ocrx_word' id='word_1_119' title='bbox 1328 1399 1520 1445; x_wconf 86' lang='lat' dir='ltr'>Romani</span> <span class='ocrx_word' id='word_1_120' title='bbox 1546 1412 1624 1445; x_wconf 85' lang='lat' dir='ltr'>to-</span> 
     </span>
     <span class='ocr_line' id='line_1_19' title="bbox 324 1469 1624 1532; baseline -0.002 -13"><span class='ocrx_word' id='word_1_121' title='bbox 324 1485 401 1520; x_wconf 81' lang='lat' dir='ltr'>tus</span> <span class='ocrx_word' id='word_1_122' title='bbox 429 1470 554 1518; x_wconf 84' lang='lat' dir='ltr'>orbis</span> <span class='ocrx_word' id='word_1_123' title='bbox 575 1469 637 1516; x_wconf 82' lang='lat' dir='ltr'>est</span> <span class='ocrx_word' id='word_1_124' title='bbox 655 1481 926 1530; x_wconf 87' lang='lat' dir='ltr'>temperatus</span> <span class='ocrx_word' id='word_1_125' title='bbox 946 1486 958 1515; x_wconf 88' lang='lat'>:</span> <span class='ocrx_word' id='word_1_126' title='bbox 981 1485 1077 1515; x_wconf 90' lang='lat' dir='ltr'>non</span> <span class='ocrx_word' id='word_1_127' title='bbox 1101 1469 1167 1515; x_wconf 91' lang='lat' dir='ltr'>illi</span> <span class='ocrx_word' id='word_1_128' title='bbox 1187 1469 1441 1530; x_wconf 87' lang='lat' dir='ltr'>Principem</span> <span class='ocrx_word' id='word_1_129' title='bbox 1464 1486 1624 1532; x_wconf 86' lang='lat' dir='ltr'>quem-</span> 
     </span>
     <span class='ocr_line' id='line_1_20' title="bbox 326 1540 1625 1608; baseline -0.002 -19"><span class='ocrx_word' id='word_1_130' title='bbox 326 1560 491 1608; x_wconf 83' lang='lat' dir='ltr'>quam,</span> <span class='ocrx_word' id='word_1_131' title='bbox 518 1557 566 1588; x_wconf 89' lang='lat' dir='ltr'>ut</span> <span class='ocrx_word' id='word_1_132' title='bbox 597 1542 711 1587; x_wconf 61' lang='lat' dir='ltr'>refie</span> <span class='ocrx_word' id='word_1_133' title='bbox 741 1540 969 1598; x_wconf 79' lang='lat' dir='ltr'>facerent,</span> <span class='ocrx_word' id='word_1_134' title='bbox 1001 1557 1095 1586; x_wconf 88' lang='lat' dir='ltr'>non</span> <span class='ocrx_word' id='word_1_135' title='bbox 1126 1540 1403 1586; x_wconf 85' lang='lat' dir='ltr'>tribunitiam</span> <span class='ocrx_word' id='word_1_136' title='bbox 1433 1543 1625 1601; x_wconf 76' lang='lat' dir='ltr'>potesta·</span> 
     </span>
     <span class='ocr_line' id='line_1_21' title="bbox 326 1611 1623 1678; baseline -0.002 -16"><span class='ocrx_word' id='word_1_137' title='bbox 326 1629 420 1662; x_wconf 74' lang='lat' dir='ltr'>tem</span> <span class='ocrx_word' id='word_1_138' title='bbox 448 1614 778 1670; x_wconf 82' lang='lat' dir='ltr'>formidabant,</span> <span class='ocrx_word' id='word_1_139' title='bbox 807 1613 879 1659; x_wconf 88' lang='lat' dir='ltr'>sed</span> <span class='ocrx_word' id='word_1_140' title='bbox 909 1611 1074 1675; x_wconf 87' lang='lat' dir='ltr'>(quod</span> <span class='ocrx_word' id='word_1_141' title='bbox 1099 1612 1160 1658; x_wconf 85' lang='lat' dir='ltr'>est</span> <span class='ocrx_word' id='word_1_142' title='bbox 1180 1612 1225 1658; x_wconf 89' lang='lat' dir='ltr'>in</span> <span class='ocrx_word' id='word_1_143' title='bbox 1260 1613 1353 1659; x_wconf 88' lang='lat' dir='ltr'>vita</span> <span class='ocrx_word' id='word_1_144' title='bbox 1372 1613 1623 1678; x_wconf 86' lang='lat' dir='ltr'>optimum)</span> 
     </span>
     <span class='ocr_line' id='line_1_22' title="bbox 327 1677 1623 1738; baseline -0.002 0"><span class='ocrx_word' id='word_1_145' title='bbox 327 1690 375 1738; x_wconf 79' lang='lat' dir='ltr'>se</span> <span class='ocrx_word' id='word_1_146' title='bbox 406 1677 637 1736; x_wconf 81' lang='lat' dir='ltr'>timebant.</span> <span class='ocrx_word' id='word_1_147' title='bbox 667 1688 877 1735; x_wconf 81' lang='lat' dir='ltr'>Dicenda</span> <span class='ocrx_word' id='word_1_148' title='bbox 907 1688 967 1734; x_wconf 89' lang='lat' dir='ltr'>est</span> <span class='ocrx_word' id='word_1_149' title='bbox 989 1700 1136 1733; x_wconf 86' lang='lat' dir='ltr'>tamen</span> <span class='ocrx_word' id='word_1_150' title='bbox 1156 1687 1284 1734; x_wconf 89' lang='lat' dir='ltr'>causa</span> <span class='ocrx_word' id='word_1_151' title='bbox 1307 1701 1394 1734; x_wconf 88' lang='lat' dir='ltr'>tam</span> <span class='ocrx_word' id='word_1_152' title='bbox 1425 1687 1623 1735; x_wconf 87' lang='lat' dir='ltr'>felicium</span> 
     </span>
     <span class='ocr_line' id='line_1_23' title="bbox 327 1760 1625 1823; baseline -0.002 -12"><span class='ocrx_word' id='word_1_153' title='bbox 327 1779 592 1819; x_wconf 85' lang='lat' dir='ltr'>morarum,</span> <span class='ocrx_word' id='word_1_154' title='bbox 624 1764 672 1810; x_wconf 67' lang='grc' dir='ltr'>ὅ(</span> <span class='ocrx_word' id='word_1_155' title='bbox 702 1761 931 1822; x_wconf 80' lang='lat' dir='ltr'>speciatim</span> <span class='ocrx_word' id='word_1_156' title='bbox 962 1760 1270 1808; x_wconf 78' lang='lat' dir='ltr'>monumentis</span> <span class='ocrx_word' id='word_1_157' title='bbox 1296 1761 1485 1823; x_wconf 88' lang='lat' dir='ltr'>publicis</span> <span class='ocrx_word' id='word_1_158' title='bbox 1507 1762 1625 1808; x_wconf 88' lang='lat' dir='ltr'>inse-</span> 
     </span>
     <span class='ocr_line' id='line_1_24' title="bbox 330 1835 1624 1898; baseline -0.002 -15"><span class='ocrx_word' id='word_1_159' title='bbox 330 1837 472 1883; x_wconf 83' lang='lat' dir='ltr'>renda</span> <span class='ocrx_word' id='word_1_160' title='bbox 494 1852 546 1882; x_wconf 85' lang='lat' dir='ltr'>ea</span> <span class='ocrx_word' id='word_1_161' title='bbox 576 1836 622 1882; x_wconf 91' lang='lat' dir='ltr'>in</span> <span class='ocrx_word' id='word_1_162' title='bbox 648 1835 852 1897; x_wconf 81' lang='lat' dir='ltr'>posteros</span> <span class='ocrx_word' id='word_1_163' title='bbox 876 1835 1061 1880; x_wconf 85' lang='lat' dir='ltr'>humani</span> <span class='ocrx_word' id='word_1_164' title='bbox 1093 1835 1266 1898; x_wconf 79' lang='lat' dir='ltr'>generis</span> <span class='ocrx_word' id='word_1_165' title='bbox 1291 1835 1502 1895; x_wconf 86' lang='lat' dir='ltr'>stupenda</span> <span class='ocrx_word' id='word_1_166' title='bbox 1523 1851 1624 1880; x_wconf 89' lang='lat' dir='ltr'>mo·</span> 
     </span>
     <span class='ocr_line' id='line_1_25' title="bbox 329 1907 1626 1971; baseline -0.002 -15"><span class='ocrx_word' id='word_1_167' title='bbox 329 1909 508 1956; x_wconf 85' lang='lat' dir='ltr'>deratio</span> <span class='ocrx_word' id='word_1_168' title='bbox 529 1943 543 1967; x_wconf 93' lang='lat'>,</span> <span class='ocrx_word' id='word_1_169' title='bbox 561 1921 609 1955; x_wconf 91' lang='lat' dir='ltr'>ut</span> <span class='ocrx_word' id='word_1_170' title='bbox 628 1909 795 1955; x_wconf 83' lang='lat' dir='ltr'>discant</span> <span class='ocrx_word' id='word_1_171' title='bbox 809 1945 822 1966; x_wconf 91' lang='lat'>,</span> <span class='ocrx_word' id='word_1_172' title='bbox 839 1910 916 1971; x_wconf 87' lang='lat' dir='ltr'>qui</span> <span class='ocrx_word' id='word_1_173' title='bbox 939 1925 1072 1970; x_wconf 79' lang='lat' dir='ltr'>regna</span> <span class='ocrx_word' id='word_1_174' title='bbox 1095 1907 1285 1969; x_wconf 88' lang='lat' dir='ltr'>cupiunt</span> <span class='ocrx_word' id='word_1_175' title='bbox 1299 1943 1312 1963; x_wconf 95' lang='lat'>,</span> <span class='ocrx_word' id='word_1_176' title='bbox 1333 1924 1425 1953; x_wconf 83' lang='lat' dir='ltr'>non</span> <span class='ocrx_word' id='word_1_177' title='bbox 1450 1923 1626 1969; x_wconf 83' lang='lat' dir='ltr'>raptum</span> 
     </span>
     <span class='ocr_line' id='line_1_26' title="bbox 333 1979 1627 2043; baseline -0.001 -16"><span class='ocrx_word' id='word_1_178' title='bbox 333 1980 401 2027; x_wconf 88' lang='lat' dir='ltr'>ire</span> <span class='ocrx_word' id='word_1_179' title='bbox 430 1981 644 2043; x_wconf 84' lang='lat' dir='ltr'>imperia,</span> <span class='ocrx_word' id='word_1_180' title='bbox 674 1981 746 2027; x_wconf 84' lang='lat' dir='ltr'>sed</span> <span class='ocrx_word' id='word_1_181' title='bbox 772 1980 944 2027; x_wconf 88' lang='lat' dir='ltr'>mereri.</span> <span class='ocrx_word' id='word_1_182' title='bbox 976 1980 1215 2027; x_wconf 66' lang='lat' dir='ltr'>lnterfeElo</span> <span class='ocrx_word' id='word_1_183' title='bbox 1241 1979 1340 2026; x_wconf 89' lang='lat' dir='ltr'>sane</span> <span class='ocrx_word' id='word_1_184' title='bbox 1359 1979 1512 2027; x_wconf 79' lang='lat' dir='ltr'>fraude</span> <span class='ocrx_word' id='word_1_185' title='bbox 1534 1983 1627 2026; x_wconf 84' lang='lat' dir='ltr'>Au-</span> 
     </span>
     <span class='ocr_line' id='line_1_27' title="bbox 333 2053 1628 2116; baseline -0.001 -15"><span class='ocrx_word' id='word_1_186' title='bbox 333 2053 538 2109; x_wconf 86' lang='lat' dir='ltr'>reliano,</span> <span class='ocrx_word' id='word_1_187' title='bbox 564 2068 612 2100; x_wconf 90' lang='lat' dir='ltr'>ut</span> <span class='ocrx_word' id='word_1_188' title='bbox 631 2053 859 2116; x_wconf 85' lang='lat' dir='ltr'>superiore</span> <span class='ocrx_word' id='word_1_189' title='bbox 888 2055 1006 2101; x_wconf 90' lang='lat' dir='ltr'>libro</span> <span class='ocrx_word' id='word_1_190' title='bbox 1033 2054 1245 2114; x_wconf 89' lang='lat' dir='ltr'>scriptum</span> <span class='ocrx_word' id='word_1_191' title='bbox 1273 2054 1335 2100; x_wconf 90' lang='lat' dir='ltr'>est</span> <span class='ocrx_word' id='word_1_192' title='bbox 1352 2089 1363 2109; x_wconf 87' lang='lat'><strong>‚</strong></span> <span class='ocrx_word' id='word_1_193' title='bbox 1386 2054 1628 2100; x_wconf 84' lang='lat' dir='ltr'>calliditate</span> 
     </span>
     <span class='ocr_line' id='line_1_28' title="bbox 336 2125 1628 2189; baseline 0.001 -18"><span class='ocrx_word' id='word_1_194' title='bbox 336 2125 457 2172; x_wconf 87' lang='lat' dir='ltr'>servi</span> <span class='ocrx_word' id='word_1_195' title='bbox 487 2126 738 2189; x_wconf 79' lang='lat' dir='ltr'>nequissimi</span> <span class='ocrx_word' id='word_1_196' title='bbox 755 2163 769 2185; x_wconf 93' lang='lat'>,</span> <span class='ocrx_word' id='word_1_197' title='bbox 795 2143 949 2173; x_wconf 89' lang='lat' dir='ltr'>errore</span> <span class='ocrx_word' id='word_1_198' title='bbox 976 2126 1263 2184; x_wconf 87' lang='lat' dir='ltr'>militarium,</span> <span class='ocrx_word' id='word_1_199' title='bbox 1281 2141 1329 2173; x_wconf 91' lang='lat' dir='ltr'>ut</span> <span class='ocrx_word' id='word_1_200' title='bbox 1348 2127 1464 2188; x_wconf 88' lang='lat' dir='ltr'>apud</span> <span class='ocrx_word' id='word_1_201' title='bbox 1490 2125 1628 2185; x_wconf 79' lang='lat' dir='ltr'>quos·</span> 
     </span>
     <span class='ocr_line' id='line_1_29' title="bbox 337 2199 1629 2263; baseline 0.002 -18"><span class='ocrx_word' id='word_1_202' title='bbox 337 2199 449 2246; x_wconf 90' lang='lat' dir='ltr'>libet</span> <span class='ocrx_word' id='word_1_203' title='bbox 480 2213 736 2248; x_wconf 88' lang='lat' dir='ltr'>commenta</span> <span class='ocrx_word' id='word_1_204' title='bbox 764 2200 1005 2263; x_wconf 87' lang='lat' dir='ltr'>plurimum</span> <span class='ocrx_word' id='word_1_205' title='bbox 1040 2201 1218 2258; x_wconf 87' lang='lat' dir='ltr'>valent,</span> <span class='ocrx_word' id='word_1_206' title='bbox 1250 2200 1500 2246; x_wconf 87' lang='lat' dir='ltr'>dummodo</span> <span class='ocrx_word' id='word_1_207' title='bbox 1527 2199 1629 2247; x_wconf 88' lang='lat' dir='ltr'>irati</span> 
     </span>
     <span class='ocr_line' id='line_1_30' title="bbox 337 2271 1627 2335; baseline -0.001 -16"><span class='ocrx_word' id='word_1_208' title='bbox 337 2271 549 2328; x_wconf 83' lang='lat' dir='ltr'>audiant,</span> <span class='ocrx_word' id='word_1_209' title='bbox 580 2272 843 2335; x_wconf 80' lang='lat' dir='ltr'>plerumque</span> <span class='ocrx_word' id='word_1_210' title='bbox 882 2272 1144 2330; x_wconf 88' lang='lat' dir='ltr'>temulenti,</span> <span class='ocrx_word' id='word_1_211' title='bbox 1183 2285 1302 2319; x_wconf 89' lang='lat' dir='ltr'>certe</span> <span class='ocrx_word' id='word_1_212' title='bbox 1336 2272 1627 2319; x_wconf 81' lang='lat' dir='ltr'>consiliorum</span> 
     </span>
     <span class='ocr_line' id='line_1_31' title="bbox 337 2343 1626 2408; baseline 0.001 -18"><span class='ocrx_word' id='word_1_213' title='bbox 337 2361 484 2408; x_wconf 85' lang='lat' dir='ltr'>prope</span> <span class='ocrx_word' id='word_1_214' title='bbox 507 2343 678 2406; x_wconf 79' lang='lat' dir='ltr'>semper</span> <span class='ocrx_word' id='word_1_215' title='bbox 698 2359 930 2407; x_wconf 80' lang='lat' dir='ltr'>expertes:</span> <span class='ocrx_word' id='word_1_216' title='bbox 954 2345 1136 2393; x_wconf 78' lang='lat' dir='ltr'>reversis</span> <span class='ocrx_word' id='word_1_217' title='bbox 1163 2345 1216 2391; x_wconf 93' lang='lat' dir='ltr'>ad</span> <span class='ocrx_word' id='word_1_218' title='bbox 1242 2347 1404 2390; x_wconf 87' lang='lat' dir='ltr'>bonam</span> <span class='ocrx_word' id='word_1_219' title='bbox 1434 2359 1626 2391; x_wconf 87' lang='lat' dir='ltr'>mentem</span> 
     </span>
     <span class='ocr_line' id='line_1_32' title="bbox 340 2416 1628 2483; baseline -0.002 -17"><span class='ocrx_word' id='word_1_220' title='bbox 340 2417 585 2479; x_wconf 85' lang='lat' dir='ltr'>omnibus,</span> <span class='ocrx_word' id='word_1_221' title='bbox 613 2417 866 2483; x_wconf 86' lang='lat' dir='ltr'>eisdemque</span> <span class='ocrx_word' id='word_1_222' title='bbox 888 2419 942 2466; x_wconf 89' lang='lat' dir='ltr'>ab</span> <span class='ocrx_word' id='word_1_223' title='bbox 972 2418 1176 2468; x_wconf 84' lang='lat' dir='ltr'>exercitu</span> <span class='ocrx_word' id='word_1_224' title='bbox 1203 2420 1402 2483; x_wconf 79' lang='lat' dir='ltr'>graviter</span> <span class='ocrx_word' id='word_1_225' title='bbox 1421 2416 1628 2466; x_wconf 81' lang='lat' dir='ltr'>confuta·</span> 
     </span>
    </p>
   </div>
  </div>
 </body>
</html>
