1714 2807
337 162 400 206 42
594 145 1360 223 JUL11C'AP1TOL1N1

324 254 490 314 salares
527 269 669 299 contra
700 269 779 299 nos
808 254 895 299 [εὲἵί
913 254 1050 314 sunt,
1084 256 1231 315 quihus
1260 253 1514 320 resistendum
1543 255 1625 321 est,

336 328 458 372 nobis
478 326 649 386 sortiter
678 328 922 390 agentibus,
952 329 1069 372 vobis
1097 327 1278 386 feliciter
1313 330 1625 375 dimicantibus.

335 399 498 445 Lentas
520 398 708 446 militum
729 412 900 446 mentes
928 402 974 447 &
1005 398 1182 446 suorum
1203 400 1347 446 minus
1359 400 1524 448 alacres
1540 399 1627 445 ani·

335 487 437 518 mos
467 473 549 519 hac
578 473 806 520 concione
829 472 1099 519 Maximinus
1127 474 1239 535 saepe
1266 473 1504 535 cognovit.
1527 473 1624 520 De-

334 543 473 606 nique
503 544 642 591 statim
677 546 733 591 ad
760 542 902 590 filium
930 544 1124 606 scripsit,
1159 544 1237 608 qui
1262 545 1396 609 longe
1427 545 1525 608 post
1555 545 1624 592 se-

334 617 583 679 quebatur,
606 631 653 663 ut
683 617 974 674 acceleraret,
1004 634 1058 664 ne
1088 617 1196 679 quid
1226 631 1386 665 contra
1423 635 1553 677 eum,
1583 618 1624 666 se

333 690 532 745 absente,
551 689 714 736 milites
734 690 1000 753 cogitarent,
1023 689 1266 736 Literarum
1288 692 1541 755 exemplum
1561 705 1625 738 ta·

333 762 376 808 le
408 762 564 809 Junius
592 763 770 810 Cordus
797 763 931 811 dicit:
963 765 1126 823 Referu
1157 769 1215 811 ad
1243 782 1280 810 te
1300 767 1486 832 stipator
1510 783 1623 812 meus

337 838 614 897 Tr'zyascanins
629 872 642 893 ,
663 855 749 897 quae
764 838 869 903 gesta
890 841 1062 899 cognovi
1082 841 1147 883 vel
1166 841 1212 883 itz
1241 838 1421 897 Africa,
1442 844 1509 884 vel
1530 842 1622 885 Ro-

333 929 408 956 mae
422 929 436 955 .·
455 910 588 968 resera
601 946 612 965 ,
629 929 714 970 qicae
723 911 817 974 sttzt
832 913 1011 955 militum
1034 927 1199 956 memes.
1231 912 1402 972 Quaeso,
1418 927 1619 972 quantum

327 1000 446 1044 potes
465 1018 478 1039 ,
501 1002 687 1043 properes
703 1018 715 1041 ,
741 1002 791 1029 ne
809 986 914 1044 quid
924 1019 936 1041 ,
957 1001 1003 1030 ut
1008 987 1120 1044 solet
1140 1022 1151 1038 ‚
1169 986 1360 1030 militar&
1388 969 1633 1046 turba-plus·

322 1056 479 1115 faciat.
504 1057 625 1118 Quid
638 1075 776 1102 verear
788 1091 799 1112 ‚
821 1075 874 1101 ex
892 1075 936 1102 eo
953 1059 1096 1102 audies
1110 1092 1122 1114 ,
1142 1076 1255 1117 quem
1278 1061 1338 1103 ad
1353 1073 1388 1102 te
1405 1057 1512 1122 mr'fi'.

410 1128 513 1173 XV.
540 1128 665 1173 Dum
697 1128 793 1174 haec
819 1139 1039 1190 aguntur,
1070 1127 1116 1174 in
1147 1126 1295 1174 Africa
1320 1141 1479 1174 contra
1505 1126 1624 1174 duos

333 1201 597 1246 Gordianos
619 1199 888 1262 Capelianus
903 1200 1081 1262 quidam
1101 1236 1114 1257 ‚
1134 1201 1375 1247 Gordiano
1397 1203 1444 1248 &
1464 1200 1509 1246 in
1533 1201 1622 1263 pri-

334 1287 440 1319 vata
476 1273 565 1339 vita
598 1273 769 1335 semper
798 1273 1035 1331 adversus,
1065 1275 1114 1322 &
1142 1276 1195 1320 ab
1225 1274 1319 1336 ipso
1348 1278 1622 1337 Imperatore

332 1346 449 1408 jam,
485 1366 586 1395 cum
623 1350 809 1394 Mauros
842 1348 1076 1394 Maximini
1102 1347 1215 1408 juffu
1243 1362 1413 1411 regeret
1446 1361 1623 1395 vetera-

333 1439 448 1481 nus,
484 1422 677 1468 dimiffus
699 1458 712 1480 ,
743 1439 846 1469 cum
886 1422 1004 1468 lectis
1045 1424 1213 1469 Mauris
1246 1424 1296 1470 &
1332 1423 1622 1471 tumultuaria

334 1512 501 1551 manu,
530 1508 717 1557 accepto
747 1512 770 1540 a
799 1494 1040 1541 Gordiano
1077 1494 1351 1552 successore,
1381 1496 1620 1559 Carthagi-

333 1583 440 1613 nem
464 1567 618 1628 petiit‚
635 1582 766 1628 atque
792 1582 949 1611 omnes
973 1564 1058 1611 fide
1083 1566 1250 1613 Punica
1275 1566 1621 1629 Carthaginien-

333 1638 442 1686 fium
458 1638 916 1700 populosinclinavit.
933 1637 1192 1685 Gordianus
1212 1652 1376 1697 tamen,
1392 1638 1622 1687 fortunam

332 1711 439 1759 belli
470 1711 664 1777 experiri
693 1710 904 1773 cupiens,
933 1710 1074 1757 filium
1101 1710 1225 1757 suum
1243 1710 1330 1773 jam
1358 1726 1467 1758 natu
1488 1728 1621 1775 gran-

333 1785 537 1843 diorem,
567 1785 857 1849 quadraginta
884 1787 932 1831 ὅ(
959 1784 1031 1830 sex
1062 1800 1206 1831 annos
1234 1796 1461 1848 agentem,
1485 1800 1620 1847 quem

333 1869 445 1904 tunc
459 1858 612 1921 Legati
640 1858 748 1904 loco
762 1893 776 1914 ‚
797 1870 844 1903 ut
865 1857 1085 1915 diximus,
1101 1858 1335 1916 habuerat,
1358 1868 1515 1904 contra
1533 1858 1620 1904 Ca·

335 1931 561 1994 pelianum
584 1933 631 1979 δι
662 1930 1015 1978 Maximinianos
1047 1930 1190 1990 misit,
1209 1929 1385 1985 virum,
1409 1930 1464 1976 de
1494 1928 1622 1990 cujus

333 2007 540 2052 moribus
573 2005 653 2052 suo
680 2006 787 2052 loco
820 2005 1030 2053 dicemus.
1058 2006 1142 2052 Sed
1177 2022 1278 2052 cum
1303 2004 1349 2051 in
1380 1998 1426 2051 re
1457 2003 1621 2051 milita·

333 2080 374 2126 ri
402 2080 450 2126 &
482 2079 752 2141 Capelianus
776 2078 879 2126 effet
910 2078 1143 2136 audacior,
1174 2079 1222 2125 &
1256 2076 1518 2124 Gordianus
1546 2076 1620 2138 ju-

335 2154 441 2199 nior
470 2170 562 2198 non
593 2167 680 2199 tam
707 2165 950 2216 expertus,
971 2153 1138 2216 quippe
1169 2152 1245 2215 qui
1275 2151 1522 2199 nobilitatis
1543 2151 1620 2199 de-

336 2225 452 2273 liciis
480 2227 762 2285 tardabatur,
794 2242 941 2288 pugna
977 2223 1207 2271 commissa
1237 2223 1437 2272 vincitur
1455 2257 1469 2282 ,
1493 2223 1543 2270 &
1568 2221 1617 2270 in

335 2299 496 2346 eodem
524 2300 646 2345 bello
667 2298 950 2347 interficitur.

402 2372 526 2419 XVI.
542 2374 696 2418 Fertur
711 2386 857 2419 autem
877 2384 996 2418 tanta
1014 2369 1258 2418 multitudo
1277 2366 1499 2416 Gordiani
1519 2382 1619 2429 par-

338 2442 449 2490 tium
479 2442 527 2490 in
556 2443 678 2492 bello
712 2442 945 2505 cecidiffe,
969 2455 1054 2504 ut,
1083 2459 1185 2491 cum
1217 2440 1295 2491 diu
1314 2439 1546 2505 quaefitum
1566 2437 1624 2494 fit
