1637 2785
280 143 535 191 DIVUS
583 144 1140 192 AURELIANUS.
1280 162 1366 210 ¹57

86 250 366 313 praecipuus,
392 266 525 311 quem
556 249 628 295 ille
660 251 918 309 Imperatori
946 251 1140 298 obtulit:
1162 250 1366 315 solusque

86 322 290 368 omnium
337 320 537 383 privatus
579 321 844 368 Aurelianus
894 321 1116 384 elephanti
1157 323 1366 371 dominus

87 389 184 437 fuit.

152 465 229 509 VI.
249 461 332 509 Sed
355 473 403 508 ut
426 463 522 510 haec
540 463 588 510 δι
613 461 715 509 talia
731 462 988 509 omittamus
1003 500 1015 522 ,
1038 464 1121 510 fuit
1146 466 1366 526 decorus,

85 536 133 582 &
154 534 287 597 gratia
302 534 492 581 viriliter
513 534 758 596 speciosus:
773 535 931 581 flatura
950 537 1366 596 procerior,nervis

84 607 384 667 validiffimis,
417 608 514 655 vini
541 610 589 655 &
624 608 712 656 cibi
745 609 882 672 paulo
907 610 1142 671 cupidior,
1167 611 1365 660 libidinis

84 698 223 739 rarae,
260 682 504 729 severitatis
535 682 760 729 immensae
781 718 794 741 ‚
827 682 1070 746 disciplinae
1107 684 1367 747 singularis,

82 753 215 815 gladii
245 753 473 799 exserendi
498 754 700 816 cupidus.
730 771 830 800 nam
865 771 968 801 cum
1001 756 1136 802 essent
1170 757 1214 803 in
1242 773 1368 803 exer-

83 829 177 873 citu
209 827 302 873 duo
323 827 550 874 Aureliani
570 827 793 887 Tribuni,
813 828 885 876 hic
899 864 912 887 ‚
931 830 980 877 &
1011 828 1121 876 alius
1135 864 1148 886 ,
1167 829 1366 892 quicum

82 901 327 947 Valeriano
353 916 508 963 captus
535 900 596 947 est
613 937 625 959 ,
646 900 751 948 huic
774 901 942 964 lignum
976 902 1196 949 exercitus
1220 920 1366 966 appo-

83 972 229 1020 suerat
249 977 389 1021 Manu
408 979 468 1021 ad
485 975 643 1034 ferrum
659 995 679 1031 ;
700 987 748 1020 ut
767 975 797 1021 s1
818 974 937 1021 forte
955 989 1245 1038 quaereretur,
1266 976 1367 1039 quis

82 1047 348 1093 Aurelianus
372 1047 540 1110 aliquid
565 1048 639 1094 vel
660 1047 853 1104 fecisset,
877 1049 951 1094 vel
981 1048 1195 1111 gestisset,
1219 1049 1368 1114 sugge-

82 1132 253 1167 reretur
269 1155 283 1177 ,
317 1123 575 1167 Aurelianus
595 1123 735 1167 Manu
755 1125 814 1167 ad
824 1122 987 1180 ferrum
1004 1157 1018 1179 ‚
1039 1134 1171 1185 atque
1186 1139 1367 1186 cogno·

81 1189 290 1237 sceretur.
324 1192 493 1238 Privati
521 1191 650 1252 hujus
681 1192 821 1238 multa
847 1193 1021 1240 exstant
1053 1194 1230 1258 egregia
1258 1194 1369 1242 faci-

82 1272 338 1310 nora.'nam
367 1277 653 1326 erumpentes
682 1266 901 1314 Sarmatas
936 1267 984 1314 in
1014 1268 1231 1330 Illyrico,
1265 1285 1367 1316 cum

82 1335 293 1384 trecentis
322 1336 594 1397 praesidiariis
632 1336 754 1383 solus
793 1339 984 1387 attrivit.
1020 1340 1176 1387 Refert
1213 1342 1365 1388 Theo-

82 1409 218 1468 clius,
243 1409 596 1456 Caesarianorum
627 1422 884 1473 temporum
913 1409 1132 1475 scriptor,
1158 1415 1367 1461 Aurelia-

81 1499 193 1529 num
225 1499 360 1528 manu
399 1481 469 1529 sua
508 1483 628 1529 bello
660 1483 905 1530 Sarmatico
944 1501 1041 1531 uno
1079 1485 1149 1532 die
1183 1488 1366 1549 quadra·

79 1556 202 1619 ginta
223 1557 273 1603 δι
304 1555 410 1602 odio
432 1555 725 1614 interfecisse,
749 1557 950 1618 plurimis
981 1573 1128 1605 autem
1148 1560 1197 1606 δι
1218 1560 1366 1608 diver·-

80 1629 134 1674 fis
165 1628 320 1673 diebus
348 1628 463 1674 ultra
496 1642 751 1690 nongentos
785 1628 1141 1692 quinquaginta;
1169 1631 1283 1678 adeo
1317 1645 1366 1679 ut

83 1702 215 1749 etiam
251 1701 446 1747 ballistea
478 1701 601 1762 pueri
633 1702 682 1749 &
712 1701 1037 1750 saltatiunculas
1073 1702 1120 1750 in
1167 1705 1366 1752 Aurelia-

83 1790 191 1821 num
222 1773 329 1820 tales
354 1786 711 1834 componerent,
740 1774 905 1837 quibus
933 1776 1086 1823 diebus
1110 1775 1230 1824 festis
1250 1777 1365 1825 mili-

81 1847 236 1894 tariter
267 1846 521 1893 saltitarent.

145 1925 270 1968 Mille
280 1957 294 1980 ,
306 1926 418 1969 mille
429 1959 443 1979 ,
457 1924 570 1969 mille
583 1958 594 1978 ‚
611 1923 720 1968 mille
731 1957 745 1980 ,
760 1925 871 1968 mille
881 1958 894 1978 ‚
912 1926 1038 1980 mille,
1053 1925 1364 1973 decollavimus.

150 1997 276 2040 Unus
295 1997 417 2041 homo
435 1998 544 2043 mille
557 2031 570 2051 .,
591 1998 703 2048 mille
718 2030 732 2052 ,
748 1998 857 2041 mille
871 2030 882 2052 ‚
908 1998 1019 2042 mille
1031 2032 1042 2051 ,
1058 1999 1365 2044 decollavimus.

145 2067 292 2122 Mille,
315 2070 426 2112 mille
440 2101 452 2123 ,
472 2069 586 2112 mille
611 2070 728 2112 vivat
742 2100 755 2122 ,
775 2067 848 2126 qui
870 2070 980 2112 mille
995 2102 1007 2124 ,
1029 2071 1139 2114 mille
1168 2072 1330 2116 occidit.

151 2139 336 2183 Tantum
363 2141 455 2183 vini
472 2140 592 2183 habet
606 2156 751 2195 nemo,
773 2154 974 2198 quantum
987 2139 1113 2197 fudit
1117 2141 1363 2202 sanguinis.

82 2210 194 2256 Haec
225 2211 360 2257 video
385 2211 469 2257 effe
495 2210 769 2274 perfrivola:
795 2210 866 2257 sed
897 2212 999 2273 quia
1027 2211 1154 2274 supra
1177 2214 1363 2275 scriptus

80 2282 234 2328 auilor
254 2281 312 2328 ita
331 2283 482 2329 eadem
499 2318 512 2339 ‚
536 2296 584 2328 ut
612 2283 709 2328 sunt
731 2283 910 2343 Latine,
940 2282 1026 2330 suis
1046 2284 1219 2348 scriptis
1247 2286 1363 2335 inse-

81 2354 202 2409 ruit,
227 2355 412 2401 tacenda
445 2355 528 2401 effe
561 2371 652 2402 non
681 2356 864 2402 credidi.

151 2428 245 2476 Vn.
271 2428 391 2476 Idem
419 2428 539 2493 apud
564 2429 900 2494 Maguntiacum
925 2429 1154 2480 Tribunus
1169 2429 1362 2497 legionis
