1714 2807
324 157 413 211 150
527 146 754 194 AELtt
819 148 1400 199 SPARTIANI

318 251 447 314 Nigri
481 252 668 314 partium
695 253 894 312 fuerant,
917 268 1075 318 praeter
1092 273 1258 311 unum,
1285 254 1505 318 supplicio
1524 255 1594 303 af-

316 322 437 369 fecit.
462 324 837 372 Antiochensibus
866 326 1021 372 iratior
1041 326 1154 385 fuit,
1175 327 1300 390 quod
1325 329 1374 374 &
1403 328 1595 374 admini-

315 393 523 441 strantem
559 395 602 442 se
632 396 676 442 in
707 398 895 444 Oriente
919 398 1133 455 riserant,
1155 400 1204 447 δε
1239 399 1424 462 Nigrum
1459 398 1594 445 etiam

315 467 440 514 victu
469 468 690 530 juverant.
722 471 914 534 denique
945 473 1081 520 multa
1112 473 1178 520 his
1207 474 1382 521 ademit.
1410 475 1595 535 Neapo-

315 539 465 587 litanis
485 543 614 590 etiam
636 545 1008 593 Palaestinensibus
1027 546 1097 606 jus
1119 546 1311 594 civitatis
1328 547 1594 610 tulit‚quod

314 631 401 677 pro
431 616 574 680 Nigro
603 619 677 665 diu
697 619 743 665 in
763 621 896 667 armis
922 621 1109 667 fuerant.
1133 624 1180 667 In
1208 622 1375 668 multos
1395 621 1595 668 animad-

315 689 483 748 vertit,
512 704 669 753 praeter
699 694 904 740 ordinem
946 695 1227 741 Senatorium
1246 730 1259 752 ,
1288 696 1364 759 qui
1401 695 1592 759 Nigrum

315 760 491 810 fuerant
518 765 665 812 secuti.
690 768 853 813 Multas
880 767 1011 814 etiam
1039 767 1245 815 civitates
1265 767 1456 828 ejusdem
1491 783 1594 829 par-

315 836 372 883 tis
401 835 572 897 injuriis
603 838 749 886 affecit
779 842 828 887 &
857 841 1044 887 damnis.
1073 842 1162 886 Eos
1193 842 1428 887 Senatores
1465 838 1596 886 occi-

315 908 410 966 dit,
437 909 638 971 quicum
670 910 816 974 Nigro
845 911 1146 958 militaverant
1165 913 1325 959 ducum
1354 911 1427 958 vel
1457 910 1599 956 tribu·

317 999 480 1028 norum
510 984 707 1031 nomine.
740 986 898 1032 deinde
927 985 1045 1033 circa
1074 985 1280 1032 Arabiam
1305 985 1425 1046 plura
1448 983 1597 1047 geffit:

316 1055 489 1102 Parthis
519 1057 648 1102 etiam
682 1058 725 1102 in
753 1057 972 1104 ditionem
995 1058 1204 1114 redactis,
1230 1073 1312 1103 nec
1341 1072 1434 1102 non
1462 1055 1596 1103 etiam

316 1129 557 1175 Adiabenis
578 1148 592 1186 ;
619 1131 695 1192 qui
725 1131 906 1193 quidem
929 1147 1086 1178 ornnes
1105 1148 1204 1178 cum
1233 1128 1476 1178 Pescennio
1501 1128 1598 1175 sen-

316 1199 474 1248 serant.
507 1205 654 1264 Atque
681 1203 742 1248 ob
772 1203 863 1249 hoc
895 1203 1120 1258 reversus,
1150 1202 1382 1263 triumpho
1409 1200 1557 1247 delato
1581 1234 1597 1258 ‚

316 1275 562 1337 appellatus
581 1276 638 1321 est
659 1278 869 1322 Arabicus
883 1311 896 1333 ‚
916 1277 1206 1322 Adiabenicus
1222 1311 1236 1332 ,
1258 1278 1494 1322 Parthicus.
1511 1273 1597 1319 Sed

316 1348 596 1410 triumphum
627 1349 821 1410 respuit,
855 1365 909 1394 ne
937 1349 1164 1394 videretur
1194 1349 1247 1394 de
1283 1349 1410 1395 civili
1438 1347 1598 1393 trium-

317 1422 458 1482 phare
489 1421 688 1468 viftoria.
713 1421 934 1470 recusavit
961 1423 1010 1469 δι
1033 1421 1286 1469 Parthicum
1317 1437 1485 1468 nomen
1505 1455 1518 1478 ,
1541 1435 1599 1467 ne

316 1494 505 1540 Parthos
539 1494 777 1542 lacesseret.

381 1569 443 1616 X.
472 1568 692 1614 Redeunti
713 1569 810 1615 sane
829 1569 1020 1615 Romam
1046 1569 1144 1630 post
1164 1568 1328 1615 bellum
1357 1567 1492 1615 civile
1512 1567 1598 1614 Ni-

315 1640 410 1704 gri,
439 1640 558 1686 aliud
588 1641 750 1687 bellum
790 1641 927 1688 civile
968 1641 1123 1688 Clodii
1157 1641 1308 1687 Albini
1346 1640 1597 1688 nuntiatum

315 1712 377 1758 est
392 1747 405 1767 ,
421 1711 496 1774 qui
517 1712 749 1758 rebellavit
765 1713 809 1757 in
829 1714 991 1759 Gallia.
1016 1730 1150 1775 quare
1167 1713 1317 1775 postea
1342 1712 1475 1760 occisi
1499 1711 1600 1757 sunt

315 1784 398 1831 filii
419 1785 550 1848 Nigri
577 1803 676 1832 cum
701 1800 854 1832 matre.
884 1786 1096 1831 Albinum
1117 1786 1251 1849 igitur
1268 1784 1407 1831 statim
1428 1785 1599 1830 hostem

317 1858 564 1921 judicavit,
591 1861 638 1905 &
661 1875 765 1913 eos,
792 1859 866 1918 qui
887 1860 940 1905 ad
960 1859 1083 1905 illum
1113 1858 1294 1905 mollius
1315 1857 1388 1904 vel
1420 1856 1600 1918 scripse·

319 1945 450 1989 runt,
477 1931 550 1976 vel
585 1931 915 1991 rescripserunt.
951 1934 1005 1978 Et
1030 1948 1129 1978 cum
1162 1931 1245 1976 iret
1275 1943 1432 1977 contra
1469 1928 1599 1974 Albi-

319 2022 452 2061 num,
475 2003 519 2049 in
539 2003 695 2049 itinere
716 2004 832 2064 apud
849 2004 1141 2051 Viminatium
1161 2038 1173 2059 ,
1195 2001 1333 2047 filium
1360 2001 1481 2047 suum
1502 2017 1601 2052 nna-q

318 2076 463 2138 jorem
489 2077 730 2139 Brgffianum
750 2113 761 2132 ,
790 2077 995 2138 apposito
1023 2079 1188 2122 Aurelii
1207 2076 1421 2121 Antonini
1452 2072 1603 2120 nomi-¹

321 2168 378 2197 ne
395 2185 407 2206 ‚
433 2152 623 2211 Caesarem
646 2148 916 2211 appellavit,
938 2161 983 2194 ut
1010 2147 1185 2194 fratrem
1213 2152 1333 2193 suum
1355 2148 1515 2193 Getam
1543 2146 1600 2193 ab

322 2224 396 2286 spe
424 2223 625 2286 imperii,
648 2240 778 2287 quam
807 2222 879 2267 ille
901 2235 1195 2283 conceperat,
1223 2222 1522 2268 submoveret.
1544 2223 1600 2269 Et

300 2307 303 2312 “
321 2314 488 2344 nomen
508 2296 685 2360 quidem
705 2297 917 2342 Antonini
932 2295 1101 2343 idcirco
1126 2293 1218 2341 filio
1241 2293 1600 2356 apposuit‚'quod

321 2370 656 2428 somniaverat,
689 2371 971 2416 Antoninum
1016 2368 1089 2414 sibi
1125 2368 1426 2415 successurum.
1466 2367 1599 2413 Unde

320 2444 482 2491 Getam
507 2442 639 2490 etiam
661 2443 841 2508 quidam
867 2446 1141 2489 Antoninum
1162 2453 1321 2505 putant
1344 2440 1503 2490 diatim
1522 2450 1600 2499 ,ut
