1714 2807
339 164 433 231 „8
659 166 1313 214 FRAGMENTA

334 272 508 329 senuit,
539 288 590 319 ac
616 271 794 319 infamis
826 272 967 320 officii
985 307 999 331 ‚
1027 272 1175 324 donec
1202 272 1344 331 vixit,
1367 271 1622 322 damnati&

332 369 434 399 nem
468 352 645 400 sortitus
676 351 765 409 est,
789 366 836 399 ut
863 353 954 416 ipse
982 353 1163 401 acclinis
1195 352 1318 400 humi
1342 369 1490 417 regem
1511 353 1623 402 sem-

331 451 412 498 per
439 433 715 482 ascensurum
735 434 780 481 in
801 450 963 497 equum
994 451 1086 482 non
1114 452 1277 491 manu,
1296 435 1366 482 sed
1398 437 1532 484 dorso
1552 451 1623 485 at-

331 516 527 564 tolleret.
561 520 586 543 *
621 516 779 579 Sapori
817 532 897 563 rex
936 532 1086 579 regum
1120 516 1333 564 Belsolus.
1367 520 1417 564 Si
1440 519 1622 578 scirem,

323 595 435 661 poffi
464 600 691 659 aliquando
725 601 942 644 Romanos
963 601 1129 658 penitus
1159 600 1296 654 vinci,
1319 602 1532 660 gauderem
1560 603 1619 646 ti-

327 683 371 725 bi
406 684 455 726 de
484 681 677 738 vifforia,
707 698 828 740 quam
854 679 1037 739 praef'ers.
1061 678 1143 737 sed
1173 681 1270 738 quia
1301 682 1368 723 vel
1395 683 1443 724 de
1468 679 1618 738 fac'lo,

326 765 396 809 vel
415 765 462 807 de
489 765 651 818 virtute,
671 778 770 823 gens
787 761 863 804 illa
879 761 1110 819 plurimum
1125 760 1280 825 potest,
1305 761 1426 814 vide,
1445 778 1494 804 ne
1508 765 1620 822 quod

318 843 460 905 finem
492 845 775 902 Imperatorem
807 839 963 903 cepisti,
991 836 1033 885 δ’
1057 841 1105 884 id
1127 841 1286 899 quidem
1308 838 1490 898 fraude,
1512 845 1619 887 male

327 925 406 966 tibi
438 924 557 966 cedat
578 919 795 985 posterisve
831 919 929 963 tuis.
967 920 1099 980 cogita
1116 953 1131 975 ,
1159 936 1340 980 quantas
1365 936 1500 982 gentes
1524 923 1619 966 Ro-

327 1003 446 1045 mani
481 1018 533 1045 ex
567 1001 743 1065 hostibus
764 999 872 1059 ficas
905 999 1108 1058 fecerint,
1142 1018 1169 1044 a
1205 1003 1350 1061 quibus
1375 1002 1486 1061 saepe
1521 1004 1618 1048 νὶἑῖἰ

316 1082 439 1141 sunt.
460 1083 658 1126 audimus
676 1096 773 1126 certe
795 1115 806 1135 ,
829 1083 941 1140 quod
971 1082 1091 1126 Galli
1118 1082 1213 1127 illos
1240 1084 1424 1129 vicerunt
1439 1117 1454 1138 ‚
1481 1080 1523 1128 G‘
1542 1085 1615 1128 in-

323 1178 479 1223 gentem
506 1164 621 1205 illam
646 1161 849 1206 civitatem
878 1164 1171 1209 incenderunt:
1193 1181 1290 1210 certe
1312 1165 1430 1210 Galli
1454 1165 1618 1209 Roma-

327 1243 396 1285 nis
412 1241 615 1302 serviunt.
644 1243 746 1302 quid
762 1243 786 1286 ‚³
824 1241 930 1298 Afri
962 1261 1028 1288 eos
1057 1262 1143 1288 non
1172 1246 1394 1290 vicerunt?
1415 1260 1510 1290 certe
1524 1244 1618 1305 fir-

326 1324 450 1368 viunt
484 1322 710 1367 Romanis.
748 1322 820 1366 De
853 1324 1107 1384 longioribus
1141 1325 1341 1383 exemplis
1376 1320 1419 1369 G·
1441 1321 1616 1388 fhrtaffi

328 1405 591 1451 interioribus
616 1404 737 1448 nihil
771 1405 880 1449 dico.
922 1405 1193 1450 Mithridates
1231 1406 1439 1451 Ponticus
1480 1421 1613 1453 totam

324 1486 477 1549 Asiam
505 1487 646 1532 tenuit.
676 1500 774 1530 certe
803 1485 932 1531 viHus
959 1487 1032 1552 est,
1059 1502 1154 1532 certe
1187 1485 1296 1549 Asta
1327 1487 1615 1534 Romanorum

323 1570 390 1634 est.
425 1568 470 1633 fi
503 1585 634 1613 meum
670 1565 884 1631 consilium
913 1567 1128 1627 receperis,
1164 1581 1269 1611 utere
1301 1566 1506 1629 occasione
1532 1587 1615 1628 pa-

326 1656 416 1708 cis,
443 1649 485 1698 &
515 1649 782 1696 Valerianum
806 1649 902 1709 fitis
943 1650 1074 1694 redde.
1109 1666 1179 1710 ego
1208 1652 1392 1710 gratulor
1412 1648 1617 1706 felicitati

326 1747 434 1777 tuce:
475 1750 489 1775 ι
522 1745 660 1776 tamen
694 1731 770 1774 illa
809 1731 872 1774 uti
898 1744 943 1774 tu
959 1728 1093 1789 scias.
1127 1728 1322 1773 Valenus
1353 1744 1430 1774 rex
1461 1729 1617 1776 Cadu-

319 1810 491 1857 fiotum
516 1809 646 1856 etiam
667 1807 862 1871 scripfit:
889 1807 1075 1871 Remiffa
1102 1810 1205 1853 milti
1229 1811 1400 1855 auxilia
1425 1807 1467 1856 δ’
1496 1811 1617 1859 inco!

324 1892 459 1937 lumia
496 1905 707 1951 gratanter
731 1891 894 1949 accepi:
919 1903 964 1934 at
996 1903 1160 1949 captum
1201 1891 1471 1934 Valerianum
1488 1889 1617 1935 Prin·

323 1973 451 2032 cipem
484 1972 717 2030 principum
747 1988 831 2015 non
860 1969 976 2030 satis
1011 1971 1226 2030 gratulor:
1258 1970 1393 2030 magis
1427 1973 1615 2030 gratula-

323 2068 408 2107 rer,
428 2049 476 2113 si
504 2051 735 2116 redderetur.
771 2051 961 2094 Romani
993 2049 1098 2093 enim
1134 2064 1230 2094 tunc
1253 2049 1464 2110 graviores
1481 2049 1616 2109 fient,

324 2132 495 2190 quando
512 2131 745 2175 vincuntur.
765 2133 859 2190 Age
884 2131 1035 2190 igitur,
1061 2144 1105 2174 ut
1125 2131 1368 2189 prudentem
1395 2131 1529 2175 virum
1547 2133 1615 2176 de·

325 2227 398 2266 cet,
427 2229 497 2255 nec
516 2211 696 2268 fortuna
727 2226 761 2256 te
789 2210 992 2269 infamet,
1014 2229 1099 2271 quae
1121 2215 1272 2257 multos
1298 2214 1461 2271 decepit.
1489 2214 1539 2256 V
1533 2215 1614 2259 ale-

325 2295 471 2337 rianus
500 2289 698 2347 &filium
731 2294 1016 2352 Imperatorem
1048 2295 1192 2350 habet,
1213 2290 1253 2338 ὃ*
1272 2309 1451 2352 nepotem
1476 2293 1616 2352 Caesa-

331 2377 418 2418 nm,
452 2371 494 2419 δ’
523 2376 627 2433 quid
654 2376 713 2418 ad
741 2392 901 2419 omnem
930 2376 1060 2419 orbem
1094 2375 1208 2418 illurn
1242 2376 1509 2427 Romanum,
1542 2368 1615 2432 qul=

336 2456 468 2498 Contra
500 2468 537 2498 te
555 2468 664 2499 totus
694 2455 895 2515 insudat?
925 2456 1064 2502 Redde
1091 2455 1220 2517 igitur
1244 2456 1535 2514 Valerianum,
1566 2451 1610 2501 G·
