1714 2807
347 125 439 167 2¹4
571 107 1432 155 FLAVIIVOPISC!

346 211 623 266 defenderet,
639 210 754 271 juffit
770 210 933 259 iterum
949 211 1102 276 agitari
1119 230 1298 260 urnam:
1317 212 1388 260 sed
1406 213 1452 260 δι
1469 211 1628 262 iterum

345 286 484 332 Probi
508 299 676 330 nomen
699 283 894 330 emerfit:
920 300 1115 348 cumque
1146 284 1281 331 tertio
1304 285 1353 332 &
1378 299 1538 347 quarto
1565 284 1631 333 fe-

346 357 468 405 ciffet
483 393 497 413 ,
513 370 674 419 quarto
694 355 831 402 Probi
847 372 1012 403 nomen
1033 355 1217 402 effiu'um
1235 357 1310 404 est.
1331 357 1463 405 Tunc
1483 356 1631 404 omnis

345 428 568 475 exercitus
611 443 776 489 equum
808 427 932 473 illum
971 428 1123 474 Probo
1156 427 1261 474 duci
1297 428 1491 486 dicavit,
1529 428 1632 490 ipsis

347 502 480 546 etiam
507 500 723 548 militibus
741 536 756 560 ,
786 518 982 565 quorum
1007 502 1192 549 nomina
1215 501 1437 562 exierant,
1467 502 1515 550 id
1545 520 1633 551 vo·-

348 573 558 621 lentibus.

432 651 512 697 IX.
547 649 769 713 Pugnavit
802 651 851 696 &
891 661 1050 696 contra
1082 647 1373 696 Marmaridas
1407 648 1452 696 in
1483 647 1633 696 Africa

348 721 583 770 fortiffime
601 760 613 778 ‚
633 739 712 770 eos
739 721 932 783 denique
962 721 1096 778 vicit,
1121 734 1254 782 atque
1278 738 1330 767 ex
1357 721 1502 785 Libya
1518 723 1634 768 Car-

349 795 573 858 thaginem
599 794 796 852 transiit,
824 796 1097 856 eandemque
1126 811 1148 840 a
1180 790 1502 839 rebellionibus
1533 793 1634 839 vin·-

351 868 537 915 dicavit.
584 868 811 931 Pugnavit
855 870 904 916 δι
945 867 1149 930 singulari
1194 867 1436 914 certamine
1473 877 1635 914 contra

350 941 574 1001 quendam
607 940 879 986 Aradionem
914 940 959 987 in
997 940 1180 996 Africa,
1213 940 1495 1002 eundemque
1529 954 1634 1001 pro-

351 1010 535 1057 stravit:
555 1011 605 1057 &
630 1011 734 1073 quia
758 1011 1043 1057 fortissimum
1072 1029 1124 1059 ac
1147 1009 1538 1073 pertinaciffimum
1566 1010 1635 1056 vi·

351 1099 451 1130 rum
474 1083 678 1143 viderat,
699 1085 905 1147 sepulcro
931 1086 1100 1149 ingenti
1123 1085 1399 1142 honoravit,
1417 1086 1544 1148 quod
1563 1084 1636 1130 ad-

351 1154 441 1202 huc
473 1155 637 1213 exstat,
667 1158 1006 1221 tumulo-usque
1031 1159 1086 1204 ad
1115 1158 1334 1204 ducentos
1363 1157 1495 1217 pedes
1520 1167 1635 1202 terra

353 1227 476 1274 clato
512 1245 590 1290 per
620 1230 811 1288 milites,
843 1248 958 1293 quos
994 1232 1168 1277 otiosos
1200 1230 1284 1276 effe
1316 1246 1539 1293 nunquam
1577 1228 1639 1274 est

354 1301 510 1363 passus.
531 1301 714 1348 Exstant
735 1304 851 1364 apud
871 1305 1118 1367 AEgyptum
1143 1302 1236 1360 ejus
1254 1319 1391 1364 opera
1405 1337 1418 1359 ,
1437 1318 1537 1364 quae
1561 1317 1640 1364 per

355 1374 521 1421 milites
547 1376 737 1433 struxit,
759 1376 804 1423 in
831 1378 1033 1436 plurimis
1061 1377 1332 1424 civitatibus.
1352 1380 1398 1422 ln
1421 1377 1531 1423 Nilo
1560 1393 1640 1422 au-

338 1459 445 1493 .1em
470 1460 557 1492 tam
585 1448 723 1494 multa
751 1448 883 1507 fecit,
905 1464 954 1496 ut
982 1450 1169 1513 veffigal
1200 1449 1542 1496 frumentarium
1571 1447 1640 1495 so-

352 1519 424 1564 lus
453 1519 705 1581 adjuverit:
738 1535 926 1584 pontes,
956 1523 1146 1584 templa,
1166 1522 1395 1585 porticus,
1421 1521 1639 1579 balilicas,

352 1592 511 1639 labore
540 1593 732 1642 militum
765 1595 949 1644 struxit:
982 1614 1063 1645 ora
1087 1596 1325 1643 fluminum
1355 1597 1491 1643 multa
1519 1610 1638 1658 pate-

354 1667 495 1726 fecit,
531 1668 713 1731 paludes
740 1670 968 1735 plerasque
1004 1671 1218 1729 siccavit,
1237 1684 1370 1733 atque
1401 1668 1447 1716 in
1478 1669 1545 1716 his
1579 1669 1643 1716 se-

355 1752 477 1801 getes
517 1743 737 1806 agrosque
774 1743 1023 1791 constituit.
1058 1743 1282 1806 Pugnavit
1312 1742 1445 1788 etiam
1481 1755 1641 1790 contra

356 1814 682 1878 Palmyrenos,
711 1833 797 1878 pro
830 1816 1027 1864 Odenati
1070 1818 1120 1865 &
1153 1817 1407 1877 Cleopatrae
1441 1815 1640 1878 partibus

355 1888 606 1951 „Egyptum
632 1888 947 1944 defendentes,
978 1889 1127 1952 primo
1156 1889 1370 1945 feliciter,
1396 1888 1544 1948 postea
1571 1900 1641 1934 te-

355 1975 506 2018 mere,
535 1971 582 2006 ut
612 1977 738 2022 patre
777 1976 1032 2023 caperetur:
1063 1962 1135 2009 sed
1161 1961 1311 2024 postea
1336 1959 1508 2007 refeffis
1533 1959 1641 2006 viti·

357 2033 466 2089 bus,
503 2034 751 2097 AEgyptum
792 2037 839 2083 δε
876 2035 1080 2082 Orientis
1113 2034 1352 2082 maximam
1386 2046 1554 2097 partem
1593 2033 1640 2079 in

356 2105 588 2152 Aureliani
617 2107 878 2168 potestatem
907 2107 1094 2171 redegit.

420 2181 480 2226 X.
509 2180 628 2227 Cum
650 2181 716 2227 his
746 2181 880 2244 igitur
906 2195 976 2229 tot
1004 2185 1052 2230 δι
1078 2182 1213 2230 tantis
1243 2181 1481 2230 virtutibus
1500 2181 1639 2228 enite-

357 2265 452 2306 ret,
483 2251 649 2299 Tacito
682 2254 886 2301 absumto
927 2253 1143 2312 faitaliter,
1177 2271 1228 2301 ac
1263 2254 1473 2300 Floriano
1502 2252 1640 2314 impe-

363 2326 474 2370 rium
510 2325 779 2386 arripiente,
811 2342 969 2372 omnes
1002 2326 1252 2373 Orientales
1282 2326 1504 2373 exercitus
1529 2341 1641 2370 eun·-

359 2400 458 2447 ’.ἔξω
482 2401 804 2463 Imperatorem
835 2399 1053 2449 fecerunt.
1084 2401 1192 2447 Non
1223 2400 1369 2462 inepta
1399 2414 1542 2462 neque
1570 2398 1637 2446 in-
