1714 2807
345 166 404 212 14
541 150 767 196 AELII
835 148 1414 196 SPARTIANI

339 258 522 304 deberet
552 256 718 313 locari,
755 254 964 302 omnibus
995 255 1182 302 studiose
1218 255 1502 302 certantibus.
1537 255 1618 302 Per

339 331 457 378 idem
478 343 680 391 tempus,
702 330 749 376 in
773 329 996 375 honorem
1018 329 1206 376 Plotinae
1230 330 1450 376 basilicam
1465 364 1479 384 ‚
1501 329 1619 391 apud

338 402 607 449 Nemausum
623 437 637 459 ,
662 417 800 464 opere
821 400 1013 447 mirabili
1039 402 1268 448 exstruxit.
1291 402 1387 463 post
1418 403 1513 449 haec
1538 402 1619 447 Hi-

338 476 509 538 spanias
543 474 698 536 petiit,
728 477 776 521 &
803 476 1061 521 Tarracone
1090 474 1334 520 hiemavit:
1362 474 1438 519 ubi
1475 474 1619 519 sumtu

337 548 418 595 suo
446 549 582 594 aedem
607 546 794 609 Augusti
813 546 1003 593 restituit
1018 582 1030 603 ,
1050 548 1258 593 omnibus
1277 547 1482 608 Hispanis
1502 547 1618 592 Tar-

336 638 545 668 raconem
568 620 614 668 in
638 635 914 668 conventum
939 622 1140 675 vocatis;
1163 621 1467 682 delectumque
1489 619 1617 676 iocu-

336 695 500 751 lariter,
521 709 570 742 ut
589 695 728 741 verba
749 694 838 757 ipsa
860 695 990 757 ponit
1014 695 1181 741 Marius
1203 695 1423 742 Maximus
1439 730 1451 751 ‚
1472 694 1617 739 detre-

336 768 583 825 {lantibus,
610 766 773 813 Italicis
804 765 1214 823 vehementissime,
1234 766 1390 812 ceteris
1421 764 1617 826 pruden-

332 855 406 888 ter
427 844 473 888 &
505 852 633 888 caute
666 839 906 886 consuluit.
943 841 1053 898 Quo
1083 838 1260 900 quidem
1287 850 1489 899 tempore
1522 852 1618 881 non

335 913 428 959 sine
452 913 593 975 gloria
616 911 920 974 graviffimum
948 910 1190 972 periculum
1218 908 1352 965 adiit,
1371 909 1484 971 apud
1501 909 1618 953 Tar·

335 1002 549 1048 raconem
587 984 779 1046 spatians
807 1001 886 1046 per
905 982 1129 1044 hospitiva
1152 982 1358 1029 viridaria
1381 1017 1393 1038 ,
1416 981 1545 1027 servo
1569 982 1614 1026 in

337 1058 381 1104 se
408 1056 593 1118 hospitis
617 1073 719 1102 cum
744 1056 892 1121 gladio
916 1055 1123 1101 furiosius
1148 1055 1371 1101 irruente:
1393 1069 1524 1117 quem
1549 1069 1617 1098 re·

335 1144 509 1177 tentum
535 1131 608 1177 ille
630 1131 838 1176 ministris
863 1129 1196 1176 accurrentibus
1221 1128 1424 1184 tradidit3
1443 1130 1490 1175 &
1505 1162 1517 1183 ‚
1539 1125 1614 1172 ubi

335 1202 556 1250 furiosum
579 1202 662 1248 effe
682 1201 913 1260 constitit,
933 1202 1114 1248 medicis
1137 1202 1383 1248 curandum
1405 1201 1549 1258 dedit,
1568 1199 1613 1244 in

335 1278 465 1324 nullo
491 1275 684 1323 omnino
711 1289 983 1323 commotus.
1001 1277 1081 1321 Per
1114 1292 1162 1322 ea
1190 1288 1414 1337 tempora,
1435 1276 1482 1321 &
1511 1274 1614 1320 alias

333 1350 591 1412 frequenter
617 1348 661 1394 in
693 1347 896 1410 plurimis
916 1347 1029 1394 locis
1046 1383 1060 1404 ,
1082 1348 1125 1393 in
1144 1347 1305 1410 quibus
1325 1347 1497 1393 barbari
1518 1363 1613 1392 non

331 1421 707 1477 fluminibuS,sed
726 1421 940 1468 limitibus
961 1421 1250 1478 dividuntur,
1271 1422 1491 1484 stipitibus
1523 1439 1613 1468 ma·

334 1496 462 1560 gnis,
483 1496 529 1543 in
549 1495 736 1543 modum
760 1497 940 1543 muralis
962 1496 1071 1556 sepis
1087 1532 1098 1551 ‚
1121 1495 1316 1542 funditus
1343 1496 1460 1556 jaffls
1481 1508 1614 1558 atque

335 1568 556 1615 connexis
571 1604 585 1626 ‚
600 1569 812 1615 barbaros
832 1568 1064 1631 separavit.
1084 1568 1320 1615 Germanis
1340 1585 1481 1631 regem
1503 1585 1614 1614 cone

333 1639 501 1686 stituit:
527 1654 676 1687 motus
712 1643 976 1687 Maurorum
1010 1642 1289 1702 compreffit:
1319 1644 1367 1688 &
1401 1659 1425 1687 a
1461 1641 1612 1687 senatu

333 1713 682 1776 supplicationes
697 1715 899 1762 emeruit.
921 1715 1090 1762 Bellum
1110 1715 1376 1777 Parthorum
1401 1731 1476 1776 per
1497 1714 1610 1760 idem

332 1797 508 1846 tempus
540 1786 586 1830 in
616 1799 745 1833 motu
770 1800 940 1834 tantum
965 1787 1072 1844 fuit3
1097 1788 1230 1852 idque
1261 1788 1474 1835 Hadriani
1513 1788 1612 1834 col-

334 1856 497 1918 loquio
526 1858 768 1919 repressum
798 1857 871 1903 est.

395 1930 514 1976 Xlll.
535 1930 637 1975 Post
666 1930 754 1977 hoc
779 1947 856 1991 per
885 1930 1025 1977 Asiam
1059 1931 1108 1978 &
1134 1930 1291 1977 insulas
1322 1932 1375 1977 ad
1397 1930 1608 1993 Achaiam

333 2001 597 2063 navigavit,
639 2003 686 2048 &
727 2003 948 2048 Eleusinia
984 2003 1128 2059 sacra,
1164 2004 1370 2064 exemplo
1404 2005 1609 2051 Herculis

330 2075 638 2138 Philippiun
662 2075 875 2138 suscepit:
896 2078 1032 2123 multa
1053 2078 1096 2123 in
1123 2078 1413 2123 Athenienses
1445 2091 1610 2124 contu·

332 2149 411 2206 lit,
437 2151 484 2197 δε
511 2166 596 2211 pro
614 2151 886 2212 agonotheta
905 2151 1075 2198 resedit.
1102 2153 1215 2198 &in
1244 2152 1406 2209 Achaia
1427 2152 1607 2214 quidem

331 2222 464 2268 etiam
488 2223 596 2268 iliud
622 2223 906 2270 observawm
932 2223 1103 2281 ferunt,
1120 2227 1244 2286 quod
1261 2262 1272 2281 ‚
1293 2243 1391 2272 cum
1413 2226 1455 2270 in
1477 2226 1607 2272 sacris

329 2295 459 2339 multi
488 2295 660 2342 cultros
696 2296 940 2354 haberent,
967 2314 1064 2343 cum
1098 2298 1322 2344 Hadriano
1356 2299 1502 2344 nullus
1533 2315 1606 2343 ar-

329 2379 476 2412 matus
502 2367 713 2430 ingressus
741 2369 817 2414 est.
847 2371 946 2416 Post
974 2370 1018 2415 in
1050 2370 1239 2416 Siciliam
1272 2372 1534 2432 navigavit:
1556 2373 1602 2419 in

329 2452 417 2502 qua
451 2439 629 2487 AEtnam
659 2453 861 2487 montem
897 2440 1194 2501 conscendit,
1233 2456 1282 2488 ut
1315 2442 1418 2489 solis
1449 2457 1599 2490 ortum
