1637 2785
387 157 1012 207 HADR1ANos.
1275 171 1333 218 27

70 270 328 332 imperaret,
348 265 464 312 mori
487 264 660 327 coegit;
681 263 729 311 &
754 264 815 309 ob
840 264 959 311 leves
978 262 1168 309 offensas
1191 263 1335 326 pluri-

70 357 168 389 mos
201 338 314 400 juffit
349 337 518 393 occidi,
549 353 665 400 quos
694 336 952 382 Antoninus
990 336 1250 384 reservavit.
1280 337 1335 382 Et

70 411 262 461 moriens
293 411 469 472 quidem
485 446 497 466 ‚
515 411 599 456 hos
629 408 782 456 versus
802 406 951 455 fecisse
980 407 1140 455 dicitur
1160 426 1171 455 :

130 487 337 531 Animula
360 488 512 545 vagula
527 518 540 539 ,
567 485 768 528 blandula
786 517 800 540 ,

128 559 292 617 Hospes
322 559 521 618 comcjffflze
544 561 721 618 corporis
740 588 757 614 ‚

129 632 232 690 Quae
252 649 361 675 nunc
389 634 522 676 abibis
551 633 595 675 in
630 634 750 686 loca,

127 707 346 750 pallidula
364 740 375 756 ‚
405 707 566 765 rigida,
601 706 761 748 nudula
774 719 794 757 ,⁶

128 780 217 824 Nec
233 813 245 833 ,
267 795 312 823 ut
326 779 438 838 sbles
456 812 468 835 ‚
499 780 617 822 dabis
634 777 773 834 jocos.

64 850 196 897 Tales
222 867 365 898 autem
386 887 398 908 ‚
419 867 499 898 nec
524 851 666 897 multo
694 849 924 906 meliores,
944 845 1049 894 fecit
1066 848 1114 894 &
1133 846 1335 894 Graecos.

64 924 189 970 Vixit
210 925 332 971 annis
353 924 622 987 septuaginta
639 924 813 971 duobus
830 956 844 978 ‚
865 920 1086 968 menfibus
1104 920 1302 981 quinque
1318 953 1333 977 ,

62 995 218 1043 diebus
248 997 570 1059 septemdecim.
600 994 837 1059 Imperavit
864 993 991 1041 annis
1019 991 1180 1056 viginti
1205 1006 1300 1038 uno
1317 1025 1333 1049 ,

64 1070 281 1118 mensibus
312 1070 533 1118 undecim.

139 1146 312 1192 XXVI.
347 1146 516 1190 Statura
550 1143 635 1190 fuit
666 1159 910 1205 procerus,
944 1140 1090 1187 forma
1119 1153 1298 1187 comtus
1318 1170 1334 1194 ,

63 1216 184 1264 flexo
213 1216 266 1263 ad
297 1216 513 1279 pectinem
537 1216 728 1278 capi110,
751 1214 959 1278 promissa
984 1213 1116 1259 barba
1132 1247 1144 1267 ‚
1162 1224 1211 1257 ut
1231 1210 1334 1258 vul-

62 1306 194 1347 nera,
215 1307 314 1353 quae
335 1289 381 1336 in
399 1288 509 1336 facie
528 1291 742 1336 naturalia
764 1302 916 1346 erant,
942 1300 1135 1351 tegeret,
1158 1286 1333 1333 habitu-

63 1362 166 1408 dine
197 1362 386 1409 robusta.
426 1362 652 1425 Equitavit
690 1361 1022 1423 ambulavitque
1059 1360 1332 1421 plurimum,

62 1433 278 1498 armisque
308 1436 357 1483 &
382 1435 477 1498 pilo
507 1435 549 1482 se
578 1435 746 1501 semper
775 1435 993 1482 exercuit.
1027 1436 1206 1480 Venatu
1244 1432 1333 1478 fre-

59 1507 338 1568 quentissime
364 1508 542 1555 leonem
562 1526 695 1555 manu
718 1510 789 1555 sua
808 1508 988 1556 occidit.
1008 1508 1232 1553 Venando
1254 1523 1332 1552 au-

59 1592 148 1625 tem
174 1578 374 1642 jugulum
403 1582 453 1627 &
481 1597 642 1628 coxam
673 1580 815 1645 fregit.
845 1580 1131 1627 venationem
1164 1578 1333 1639 semper

60 1668 163 1698 cum
193 1651 345 1699 amicis
370 1653 666 1716 participavit.
705 1657 752 1700 In
789 1653 1014 1702 convivio
1051 1652 1288 1715 tragoedias
1315 1683 1330 1707 ‚

61 1724 337 1783 comoedias,
366 1725 612 1782 Atellenas,
635 1726 880 1784 sambucas,
902 1726 1084 1773 lefiores
1105 1760 1118 1781 ,
1150 1738 1330 1787 poetas,

59 1812 144 1859 pro
176 1813 223 1842 re
256 1796 426 1860 semper
454 1798 675 1846 exhibuit.
712 1799 994 1846 Tiburtinam
1030 1798 1183 1845 villam
1223 1798 1332 1844 mire

59 1869 386 1929 exaedificavit,
414 1872 471 1918 ita
502 1885 551 1919 ut
579 1873 625 1919 in
652 1889 701 1919 ea
730 1874 778 1920 ὃς
807 1871 1143 1935 provinciarum
1176 1871 1225 1917 &
1262 1870 1334 1916 lo-

59 1958 220 1989 corum
249 1943 535 1990 celeberrima
562 1943 746 1990 nomina
776 1942 1057 1989 inscriberet:
1080 1941 1204 1987 velut
1234 1944 1331 2004 Ly·

59 2030 213 2069 ceum,
242 2016 525 2062 Academiam
540 2052 554 2075 ,
574 2018 844 2081 prytaneum
858 2051 869 2067 ‚
890 2017 1127 2077 Canopum
1143 2050 1156 2073 ‚
1178 2015 1329 2062 Poeci-

60 2086 132 2133 len
148 2122 162 2145 ,
187 2088 356 2150 Tempe
373 2123 386 2145 ,
411 2101 610 2136 vocaret.
637 2091 713 2146 &,
730 2101 778 2135 ut
809 2089 921 2135 nihil
949 2087 1329 2151 praetermitteret,

60 2158 192 2206 etiam
220 2158 386 2206 inferos
422 2157 564 2208 finxit.
591 2160 720 2224 Signa
747 2160 904 2207 mortis
922 2161 1018 2207 haec
1041 2159 1207 2206 habuit.
1238 2161 1329 2205 Na·

58 2231 136 2278 tali
170 2231 250 2278 suo
286 2233 448 2280 ultimo
467 2268 483 2292 ,
509 2251 610 2282 cum
639 2235 921 2282 Antoninum
963 2233 1332 2290 commendaret,

60 2315 277 2366 praetexta
306 2303 463 2367 sponte
490 2305 660 2368 delapsa
690 2318 819 2368 caput
845 2306 885 2352 ei
911 2305 1096 2368 aperuit.
1127 2306 1296 2352 Anulus
1315 2342 1328 2363 ‚

59 2376 106 2424 in
141 2393 233 2438 quo
259 2377 408 2441 imago
428 2378 558 2441 ipsius
590 2378 758 2442 sculpta
776 2395 896 2435 erat,
929 2379 1087 2441 sponte
1111 2378 1164 2425 de
1190 2379 1330 2442 digito

61 2449 262 2514 delapsus
289 2451 365 2500 est.
383 2454 500 2501 Ante
517 2451 812 2502 diem’natalis
836 2452 929 2516 ejus
947 2488 962 2513 ,
992 2451 1143 2501 nescio
1161 2453 1259 2517 quis
1277 2454 1328 2499 ad
