1637 2785
241 166 756 214 ALEXANDER
800 128 1184 215 SEVERUS.
1284 181 1375 231 273

98 274 198 322 dos.
226 275 342 321 Cum
367 273 582 323 vilitatem
618 273 812 335 populus
838 274 1072 321 Romanus
1099 275 1153 320 ab
1174 290 1230 321 eo
1257 289 1383 336 pete-

100 361 192 408 ret,
214 347 512 411 interrogavit
535 363 612 409 per
640 346 914 403 Curionem,
933 364 1064 410 quam
1094 347 1279 410 speciem
1302 358 1383 398 εει-ἰ

99 440 194 471 ram
218 434 437 485 putarent.
467 419 532 466 illi
551 420 774 468 continuo
793 422 1185 480 exclamaverunt,
1203 439 1385 471 carnem

99 497 341 553 bubulam,
369 508 500 558 atque
532 494 782 557 porcinam.
821 507 928 542 tunc
961 496 1033 540 ille
1072 512 1165 541 non
1201 496 1386 559 quidem

102 569 325 616 vilitatem
357 568 624 631 proposuit,
648 567 718 615 sed
741 568 886 630 justit,
915 585 969 616 ne
992 568 1091 631 quis
1122 569 1388 620 suminatam

103 643 361 698 occideret,
394 658 450 688 ne
476 641 574 703 quis
596 641 824 700 lailantem
841 676 855 697 ,
877 658 931 687 ne
960 641 1058 703 quis
1086 657 1267 689 vaccam
1284 680 1298 703 ,
1329 662 1388 692 ne

102 715 203 780 quis
232 714 833 777 damalionemztantumque
865 714 980 760 intra
1011 713 1240 762 biennium
1263 753 1277 775 ‚
1315 718 1390 764 vel

102 806 249 853 prope
278 806 443 836 annum
464 824 478 846 ‚
499 787 703 851 pordinae
727 789 870 835 carnis
899 787 982 834 fuit
1003 791 1049 835 ὅ(
1079 789 1256 836 bubulae
1277 828 1291 849 ‚
1312 803 1389 851 ut,

104 881 209 912 cum
236 864 379 911 fuiss‘et
405 862 743 910 ofiominutalis
770 863 881 909 llbra
899 898 912 919 ,
937 863 992 909 ad
1021 863 1135 910 duos
1161 881 1391 931 unumque

105 939 334 995 utriusque
366 939 512 984 carnis
541 937 651 983 libra
683 936 973 999 redigeretur.

171 1012 338 1058 XXIII.
369 1009 532 1057 Causas
561 1010 751 1055 militum
785 1024 942 1055 contra
962 1007 1196 1056 Tribunos
1224 1010 1282 1059 fic
1311 1030 1393 1061 au-

103 1083 255 1140 divit,
277 1095 353 1141 ut,
382 1083 412 1127 fi
441 1082 636 1144 aliquem
659 1080 882 1142 reperiss‘et
908 1081 1194 1128 tribunorum
1228 1083 1274 1130 in
1302 1086 1395 1133 cri·

105 1155 256 1211 mine,
280 1170 362 1215 pro
383 1152 480 1199 faffi
500 1152 710 1215 qualitate
733 1152 822 1198 fine
843 1152 1131 1215 indulgentiae
1153 1158 1395 1216 proposito

106 1227 302 1288 puniret.
329 1226 402 1273 De
433 1224 642 1272 omnibus
668 1224 928 1272 hominibus
956 1241 1032 1286 per
1059 1224 1211 1274 fideles
1242 1227 1396 1277 homi..

106 1313 188 1345 nes
218 1298 315 1343 suos
341 1297 510 1359 semper
538 1295 745 1358 quaesivit
767 1313 778 1342 ε
807 1295 857 1342 &
890 1311 966 1356 per
987 1311 1093 1354 eos,
1115 1313 1232 1360 quos
1256 1318 1394 1350 nemo

107 1370 253 1418 noffet
281 1370 369 1416 boc
399 1385 555 1432 agere3
588 1385 690 1415 cum
724 1369 917 1427 diceret,
942 1384 1100 1415 omnes
1123 1373 1267 1431 praeda
1287 1392 1397 1423 cor-

107 1440 257 1503 rumpi
289 1441 423 1503 posse.
450 1443 616 1487 Servos
646 1440 749 1487 suos
777 1442 947 1501 semper
978 1459 1078 1488 cum
1103 1444 1254 1493 servili
1277 1450 1397 1497 veste

109 1513 297 1569 habuit,
330 1514 515 1560 libertos
555 1530 657 1560 cum
688 1513 1004 1575 ingenuorum.
1050 1517 1293 1565 Eunuchos
1339 1523 1395 1568 de

111 1585 360 1632 ministerio
387 1585 466 1632 suo
494 1584 656 1644 abjecit
675 1620 689 1642 ,
722 1586 772 1631 &
800 1585 936 1630 uxori
968 1599 1017 1633 ut
1044 1586 1200 1648 servos
1232 1591 1399 1642 servire

112 1656 246 1720 juffit.
280 1659 329 1704 &
361 1672 462 1704 cum
496 1656 812 1721 Heliogabalus
848 1657 1122 1719 mancipium
1158 1664 1400 1710 eunucho-

113 1747 213 1776 rum
241 1728 409 1786 fuiffet‚
437 1730 491 1775 ad
521 1745 692 1776 certum
717 1745 952 1776 numerum
984 1747 1062 1778 eos
1095 1734 1290 1796 redegit,
1314 1754 1400 1786 nec

114 1802 356 1865 quidquam
385 1801 430 1847 in
457 1801 627 1849 Palatio
652 1818 806 1849 curare
838 1801 985 1848 voluit
1001 1837 1016 1859 ,
1041 1804 1118 1849 nisi
1140 1806 1315 1854 balneas
1336 1808 1401 1856 feo

114 1875 365 1922 minarum:
398 1890 498 1921 cum
529 1873 763 1936 plerosque
793 1874 1026 1921 eunuchos
1066 1877 1316 1927 rationibus
1349 1883 1402 1930 &

115 1946 513 2012 procurationibus
540 1947 847 2010 praeposuiffet
877 1947 1226 2011 Heliogabalus,
1247 1953 1320 2001 hic
1341 1954 1401 2000 il-

116 2020 171 2066 lis
195 2021 242 2067 &
263 2032 435 2066 veteres
455 2018 624 2065 sustulit
644 2019 894 2082 dignitates.
917 2021 1036 2067 Idem
1062 2024 1241 2071 tertium
1262 2043 1402 2088 genus

117 2090 359 2138 hominum
385 2091 621 2139 eunuchos
655 2092 739 2138 effe
767 2091 974 2149 dicebat,
1005 2110 1088 2142 nee
1127 2096 1309 2144 vidend
1299 2118 1368 2145 um
1387 2135 1403 2156 ,

118 2180 204 2210 nec
236 2162 283 2208 in
316 2162 396 2209 usu
431 2163 683 2211 habendum
717 2181 743 2210 a
780 2165 919 2224 viris,
956 2165 1027 2212 sed
1065 2167 1143 2214 vix
1169 2186 1192 2214 a
1227 2169 1403 2220 feminis

117 2234 359 2283 nobilibus.
381 2234 475 2294 Qui
501 2235 555 2281 de
582 2252 639 2282 eo
665 2234 835 2282 fumum
862 2237 1146 2288 vendiderat
1173 2241 1222 2286 δέ
1239 2258 1262 2287 a
1287 2258 1404 2298 quo·

120 2308 221 2354 dam
254 2307 436 2353 militari
466 2320 645 2374 centurn
681 2324 838 2355 aureos
861 2322 1117 2369 acceperat,
1136 2282 1187 2356 in
1223 2299 1403 2363 crucem

121 2380 221 2428 tolli
240 2379 353 2439 juffit
377 2396 454 2441 per
473 2396 567 2426 eam
588 2381 723 2439 viam,
742 2398 829 2442 qua
849 2382 951 2429 esset
973 2383 1109 2428 (ervis
1128 2383 1213 2432 suis
1227 2387 1282 2433 ad
1300 2387 1406 2437 sub.

119 2455 290 2501 urbana
317 2454 604 2515 imperatoria
634 2454 718 2510 iter
746 2454 1166 2524 frequentissimum

223 2529 257 2572 S
267 2541 402 2589 crzptc
433 2526 499 2578 H.
530 2530 593 2578 A.
1011 2547 1015 2551 ·
1072 2528 1101 2574 S
