<?xml version="1.0" encoding="UTF-8"?>
<!DOCTYPE html PUBLIC "-//W3C//DTD XHTML 1.0 Transitional//EN"
    "http://www.w3.org/TR/xhtml1/DTD/xhtml1-transitional.dtd">
<html xmlns="http://www.w3.org/1999/xhtml" xml:lang="en" lang="en">
 <head>
  <title>
</title>
<meta http-equiv="Content-Type" content="text/html;charset=utf-8" />
  <meta name='ocr-system' content='tesseract 3.04.00' />
  <meta name='ocr-capabilities' content='ocr_page ocr_carea ocr_par ocr_line ocrx_word'/>
</head>
<body>
  <div class='ocr_page' id='page_1' title='image "./historiaeaugusta00bipouoft_0100.png"; bbox 0 0 1714 2807; ppageno 0'>
   <div class='ocr_carea' id='block_1_1' title="bbox 355 168 1386 225">
    <p class='ocr_par' dir='ltr' id='par_1_1' title="bbox 355 168 1386 225">
     <span class='ocr_line' id='line_1_1' title="bbox 355 168 1386 225; baseline -0.001 -9"><span class='ocrx_word' id='word_1_1' title='bbox 355 173 419 225; x_wconf 61' lang='lat'>,2&#39;4</span> <span class='ocrx_word' id='word_1_2' title='bbox 614 168 828 213; x_wconf 83' lang='lat' dir='ltr'>JUth</span> <span class='ocrx_word' id='word_1_3' title='bbox 877 168 1386 215; x_wconf 85' lang='lat' dir='ltr'>CAPITOLINI</span> 
     </span>
    </p>
   </div>
   <div class='ocr_carea' id='block_1_2' title="bbox 309 271 1650 2527">
    <p class='ocr_par' dir='ltr' id='par_1_2' title="bbox 330 271 1650 1210">
     <span class='ocr_line' id='line_1_2' title="bbox 349 271 1650 335; baseline 0.004 -17"><span class='ocrx_word' id='word_1_4' title='bbox 349 285 399 318; x_wconf 85' lang='lat' dir='ltr'>to</span> <span class='ocrx_word' id='word_1_5' title='bbox 431 271 641 334; x_wconf 72' lang='lat' dir='ltr'>praesecto</span> <span class='ocrx_word' id='word_1_6' title='bbox 665 271 809 330; x_wconf 86' lang='lat' dir='ltr'>Urbi,</span> <span class='ocrx_word' id='word_1_7' title='bbox 836 271 908 319; x_wconf 87' lang='lat' dir='ltr'>sed</span> <span class='ocrx_word' id='word_1_8' title='bbox 941 273 1124 335; x_wconf 89' lang='lat' dir='ltr'>petenti.</span> <span class='ocrx_word' id='word_1_9' title='bbox 1158 291 1259 322; x_wconf 90' lang='lat' dir='ltr'>nam</span> <span class='ocrx_word' id='word_1_10' title='bbox 1290 274 1465 322; x_wconf 88' lang='lat' dir='ltr'>Gavius</span> <span class='ocrx_word' id='word_1_11' title='bbox 1485 275 1650 323; x_wconf 53' lang='lat' dir='ltr'>Maxi«</span> 
     </span>
     <span class='ocr_line' id='line_1_3' title="bbox 348 344 1635 408; baseline 0.004 -18"><span class='ocrx_word' id='word_1_12' title='bbox 348 360 470 399; x_wconf 74' lang='grc' dir='ltr'>πως,</span> <span class='ocrx_word' id='word_1_13' title='bbox 491 344 722 405; x_wconf 66' lang='grc' dir='ltr'>ρτεεῑεὲἶιις</span> <span class='ocrx_word' id='word_1_14' title='bbox 751 344 975 406; x_wconf 84' lang='lat' dir='ltr'>praetorii,</span> <span class='ocrx_word' id='word_1_15' title='bbox 1004 344 1141 408; x_wconf 87' lang='lat' dir='ltr'>usque</span> <span class='ocrx_word' id='word_1_16' title='bbox 1178 345 1233 392; x_wconf 88' lang='lat' dir='ltr'>ad</span> <span class='ocrx_word' id='word_1_17' title='bbox 1267 348 1524 395; x_wconf 84' lang='lat' dir='ltr'>vicesimum</span> <span class='ocrx_word' id='word_1_18' title='bbox 1553 365 1635 394; x_wconf 88' lang='lat' dir='ltr'>an-</span> 
     </span>
     <span class='ocr_line' id='line_1_4' title="bbox 347 417 1634 480; baseline 0.005 -19"><span class='ocrx_word' id='word_1_19' title='bbox 347 433 452 462; x_wconf 89' lang='lat' dir='ltr'>num</span> <span class='ocrx_word' id='word_1_20' title='bbox 475 417 554 464; x_wconf 90' lang='lat' dir='ltr'>sub</span> <span class='ocrx_word' id='word_1_21' title='bbox 586 434 642 465; x_wconf 91' lang='lat' dir='ltr'>eo</span> <span class='ocrx_word' id='word_1_22' title='bbox 673 419 915 480; x_wconf 88' lang='lat' dir='ltr'>pervenit,</span> <span class='ocrx_word' id='word_1_23' title='bbox 944 419 1016 464; x_wconf 91' lang='lat' dir='ltr'>vir</span> <span class='ocrx_word' id='word_1_24' title='bbox 1036 418 1357 467; x_wconf 85' lang='lat' dir='ltr'>severiffimus:</span> <span class='ocrx_word' id='word_1_25' title='bbox 1385 421 1456 468; x_wconf 92' lang='lat' dir='ltr'>cui</span> <span class='ocrx_word' id='word_1_26' title='bbox 1475 421 1634 468; x_wconf 88' lang='lat' dir='ltr'>Tatius</span> 
     </span>
     <span class='ocr_line' id='line_1_5' title="bbox 349 490 1634 551; baseline 0.003 -16"><span class='ocrx_word' id='word_1_27' title='bbox 349 490 572 537; x_wconf 81' lang='lat' dir='ltr'><strong>Maximus</strong></span> <span class='ocrx_word' id='word_1_28' title='bbox 603 490 813 540; x_wconf 87' lang='lat' dir='ltr'>succeffit.</span> <span class='ocrx_word' id='word_1_29' title='bbox 849 491 896 538; x_wconf 91' lang='lat' dir='ltr'>in</span> <span class='ocrx_word' id='word_1_30' title='bbox 924 491 1050 551; x_wconf 84' lang='lat' dir='ltr'>cujus</span> <span class='ocrx_word' id='word_1_31' title='bbox 1077 492 1300 540; x_wconf 85' lang='lat' dir='ltr'>demortui</span> <span class='ocrx_word' id='word_1_32' title='bbox 1336 494 1485 542; x_wconf 91' lang='lat' dir='ltr'>locum</span> <span class='ocrx_word' id='word_1_33' title='bbox 1519 495 1634 540; x_wconf 89' lang='lat' dir='ltr'>duos</span> 
     </span>
     <span class='ocr_line' id='line_1_6' title="bbox 343 562 1632 628; baseline 0.003 -19"><span class='ocrx_word' id='word_1_34' title='bbox 343 562 578 625; x_wconf 70' lang='lat' dir='ltr'>praefe&amp;os</span> <span class='ocrx_word' id='word_1_35' title='bbox 607 564 850 625; x_wconf 87' lang='lat' dir='ltr'>substituit,</span> <span class='ocrx_word' id='word_1_36' title='bbox 875 566 1058 613; x_wconf 88' lang='lat' dir='ltr'>Fabium</span> <span class='ocrx_word' id='word_1_37' title='bbox 1091 567 1394 628; x_wconf 74' lang='lat' dir='ltr'>Repentinum</span> <span class='ocrx_word' id='word_1_38' title='bbox 1412 603 1424 624; x_wconf 95' lang='lat'>,</span> <span class='ocrx_word' id='word_1_39' title='bbox 1443 568 1493 613; x_wconf 91' lang='lat'>&amp;</span> <span class='ocrx_word' id='word_1_40' title='bbox 1513 569 1632 613; x_wconf 86' lang='lat' dir='ltr'>Cor·</span> 
     </span>
     <span class='ocr_line' id='line_1_7' title="bbox 340 637 1633 701; baseline 0.003 -19"><span class='ocrx_word' id='word_1_41' title='bbox 340 637 507 683; x_wconf 86' lang='lat' dir='ltr'>nelium</span> <span class='ocrx_word' id='word_1_42' title='bbox 544 638 843 685; x_wconf 63' lang='lat' dir='ltr'>Viflorinum.</span> <span class='ocrx_word' id='word_1_43' title='bbox 879 639 963 685; x_wconf 85' lang='lat' dir='ltr'>Sed</span> <span class='ocrx_word' id='word_1_44' title='bbox 997 638 1276 701; x_wconf 83' lang='lat' dir='ltr'>Repentinus</span> <span class='ocrx_word' id='word_1_45' title='bbox 1309 638 1478 686; x_wconf 84' lang='lat' dir='ltr'>famosa</span> <span class='ocrx_word' id='word_1_46' title='bbox 1515 655 1633 686; x_wconf 88' lang='lat' dir='ltr'>voce</span> 
     </span>
     <span class='ocr_line' id='line_1_8' title="bbox 338 709 1632 774; baseline 0.003 -20"><span class='ocrx_word' id='word_1_47' title='bbox 338 709 563 770; x_wconf 64' lang='lat' dir='ltr'>perculsus</span> <span class='ocrx_word' id='word_1_48' title='bbox 601 709 687 767; x_wconf 81' lang='lat' dir='ltr'>est,</span> <span class='ocrx_word' id='word_1_49' title='bbox 722 710 847 772; x_wconf 89' lang='lat' dir='ltr'>quod</span> <span class='ocrx_word' id='word_1_50' title='bbox 885 727 961 773; x_wconf 78' lang='lat' dir='ltr'>per</span> <span class='ocrx_word' id='word_1_51' title='bbox 996 710 1300 759; x_wconf 83' lang='lat' dir='ltr'>concubinam</span> <span class='ocrx_word' id='word_1_52' title='bbox 1328 711 1547 774; x_wconf 88' lang='lat' dir='ltr'>Principis</span> <span class='ocrx_word' id='word_1_53' title='bbox 1575 712 1632 758; x_wconf 89' lang='lat' dir='ltr'>ad</span> 
     </span>
     <span class='ocr_line' id='line_1_9' title="bbox 342 781 1630 847; baseline 0.003 -20"><span class='ocrx_word' id='word_1_54' title='bbox 342 781 646 846; x_wconf 65' lang='lat' dir='ltr'>praefcvsturam</span> <span class='ocrx_word' id='word_1_55' title='bbox 688 783 888 830; x_wconf 77' lang='lat' dir='ltr'>veniffet.</span> <span class='ocrx_word' id='word_1_56' title='bbox 925 784 1079 847; x_wconf 86' lang='lat' dir='ltr'>Usque</span> <span class='ocrx_word' id='word_1_57' title='bbox 1118 785 1232 830; x_wconf 88' lang='lat' dir='ltr'>adeo</span> <span class='ocrx_word' id='word_1_58' title='bbox 1268 784 1344 830; x_wconf 88' lang='lat' dir='ltr'>sub</span> <span class='ocrx_word' id='word_1_59' title='bbox 1383 800 1439 831; x_wconf 91' lang='lat' dir='ltr'>eo</span> <span class='ocrx_word' id='word_1_60' title='bbox 1482 785 1630 832; x_wconf 88' lang='lat' dir='ltr'>nullus</span> 
     </span>
     <span class='ocr_line' id='line_1_10' title="bbox 336 855 1628 920; baseline 0.004 -21"><span class='ocrx_word' id='word_1_61' title='bbox 336 855 561 916; x_wconf 76' lang='lat' dir='ltr'>percussus</span> <span class='ocrx_word' id='word_1_62' title='bbox 586 856 645 901; x_wconf 74' lang='lat' dir='ltr'>est</span> <span class='ocrx_word' id='word_1_63' title='bbox 676 856 893 916; x_wconf 71' lang='lat' dir='ltr'>Senator,</span> <span class='ocrx_word' id='word_1_64' title='bbox 915 871 965 903; x_wconf 90' lang='lat' dir='ltr'>ut</span> <span class='ocrx_word' id='word_1_65' title='bbox 992 858 1127 904; x_wconf 88' lang='lat' dir='ltr'>etiam</span> <span class='ocrx_word' id='word_1_66' title='bbox 1155 856 1377 920; x_wconf 87' lang='lat' dir='ltr'>parricida</span> <span class='ocrx_word' id='word_1_67' title='bbox 1404 858 1628 905; x_wconf 81' lang='lat' dir='ltr'>confeffus</span> 
     </span>
     <span class='ocr_line' id='line_1_11' title="bbox 336 928 1628 994; baseline 0.005 -21"><span class='ocrx_word' id='word_1_68' title='bbox 336 928 383 973; x_wconf 91' lang='lat' dir='ltr'>in</span> <span class='ocrx_word' id='word_1_69' title='bbox 413 929 553 975; x_wconf 80' lang='lat' dir='ltr'>insula</span> <span class='ocrx_word' id='word_1_70' title='bbox 578 929 749 976; x_wconf 79' lang='lat' dir='ltr'>deserta</span> <span class='ocrx_word' id='word_1_71' title='bbox 776 943 1022 993; x_wconf 87' lang='lat' dir='ltr'>poneretur</span> <span class='ocrx_word' id='word_1_72' title='bbox 1042 966 1055 989; x_wconf 90' lang='lat'><strong>,</strong></span> <span class='ocrx_word' id='word_1_73' title='bbox 1081 931 1184 994; x_wconf 88' lang='lat' dir='ltr'>quia</span> <span class='ocrx_word' id='word_1_74' title='bbox 1218 930 1376 977; x_wconf 88' lang='lat' dir='ltr'>vivere</span> <span class='ocrx_word' id='word_1_75' title='bbox 1404 930 1472 978; x_wconf 88' lang='lat' dir='ltr'>illi</span> <span class='ocrx_word' id='word_1_76' title='bbox 1498 945 1628 978; x_wconf 90' lang='lat' dir='ltr'>natu·</span> 
     </span>
     <span class='ocr_line' id='line_1_12' title="bbox 331 1001 1625 1068; baseline 0.005 -22"><span class='ocrx_word' id='word_1_77' title='bbox 331 1015 393 1046; x_wconf 81' lang='lat' dir='ltr'>1·ae</span> <span class='ocrx_word' id='word_1_78' title='bbox 421 1001 489 1047; x_wconf 85' lang='lat' dir='ltr'>le</span> <span class='ocrx_word' id='word_1_79' title='bbox 465 1001 590 1061; x_wconf 73' lang='lat' dir='ltr'>ibus</span> <span class='ocrx_word' id='word_1_80' title='bbox 623 1019 716 1049; x_wconf 83' lang='lat' dir='ltr'>non</span> <span class='ocrx_word' id='word_1_81' title='bbox 754 1004 926 1050; x_wconf 86' lang='lat' dir='ltr'>licebat.</span> <span class='ocrx_word' id='word_1_82' title='bbox 975 1004 1116 1062; x_wconf 92' lang='lat' dir='ltr'>Vini,</span> <span class='ocrx_word' id='word_1_83' title='bbox 1145 1003 1266 1061; x_wconf 89' lang='lat' dir='ltr'>olei,</span> <span class='ocrx_word' id='word_1_84' title='bbox 1296 1004 1345 1051; x_wconf 91' lang='lat'>&amp;</span> <span class='ocrx_word' id='word_1_85' title='bbox 1376 1003 1514 1052; x_wconf 90' lang='lat' dir='ltr'>tritici</span> <span class='ocrx_word' id='word_1_86' title='bbox 1544 1022 1625 1068; x_wconf 92' lang='lat' dir='ltr'>pe-</span> 
     </span>
     <span class='ocr_line' id='line_1_13' title="bbox 330 1075 1624 1142; baseline 0.005 -21"><span class='ocrx_word' id='word_1_87' title='bbox 330 1075 526 1133; x_wconf 88' lang='lat' dir='ltr'>nuriam,</span> <span class='ocrx_word' id='word_1_88' title='bbox 543 1093 620 1138; x_wconf 79' lang='lat' dir='ltr'>per</span> <span class='ocrx_word' id='word_1_89' title='bbox 639 1078 780 1123; x_wconf 76' lang='lat' dir='ltr'>aerarii</span> <span class='ocrx_word' id='word_1_90' title='bbox 802 1077 869 1125; x_wconf 87' lang='lat' dir='ltr'>sui</span> <span class='ocrx_word' id='word_1_91' title='bbox 893 1078 1053 1126; x_wconf 86' lang='lat' dir='ltr'>damna</span> <span class='ocrx_word' id='word_1_92' title='bbox 1074 1078 1294 1137; x_wconf 89' lang='lat' dir='ltr'>emendo,</span> <span class='ocrx_word' id='word_1_93' title='bbox 1320 1080 1368 1126; x_wconf 88' lang='lat'>&amp;</span> <span class='ocrx_word' id='word_1_94' title='bbox 1387 1079 1520 1142; x_wconf 86' lang='lat' dir='ltr'>gratis</span> <span class='ocrx_word' id='word_1_95' title='bbox 1536 1097 1624 1142; x_wconf 90' lang='lat' dir='ltr'>po-</span> 
     </span>
     <span class='ocr_line' id='line_1_14' title="bbox 335 1147 849 1210; baseline 0.008 -17"><span class='ocrx_word' id='word_1_96' title='bbox 335 1147 447 1210; x_wconf 90' lang='lat' dir='ltr'>pulo</span> <span class='ocrx_word' id='word_1_97' title='bbox 469 1149 642 1206; x_wconf 85' lang='lat' dir='ltr'>dando,</span> <span class='ocrx_word' id='word_1_98' title='bbox 665 1151 849 1198; x_wconf 67' lang='lat' dir='ltr'>sedavit.</span> 
     </span>
    </p>

    <p class='ocr_par' dir='ltr' id='par_1_3' title="bbox 309 1222 1619 2527">
     <span class='ocr_line' id='line_1_15' title="bbox 399 1222 1619 1287; baseline 0.004 -20"><span class='ocrx_word' id='word_1_99' title='bbox 399 1222 478 1267; x_wconf 85' lang='lat' dir='ltr'>IX.</span> <span class='ocrx_word' id='word_1_100' title='bbox 504 1223 704 1269; x_wconf 85' lang='lat' dir='ltr'>Adversa</span> <span class='ocrx_word' id='word_1_101' title='bbox 732 1223 784 1283; x_wconf 85' lang='lat' dir='ltr'>ej</span> <span class='ocrx_word' id='word_1_102' title='bbox 780 1241 825 1271; x_wconf 76' lang='lat' dir='ltr'>is·</span> <span class='ocrx_word' id='word_1_103' title='bbox 853 1224 1130 1287; x_wconf 73' lang='lat' dir='ltr'>temporibus</span> <span class='ocrx_word' id='word_1_104' title='bbox 1156 1225 1252 1274; x_wconf 85' lang='lat' dir='ltr'>haec</span> <span class='ocrx_word' id='word_1_105' title='bbox 1282 1239 1619 1287; x_wconf 87' lang='lat' dir='ltr'>provenerunt:</span> 
     </span>
     <span class='ocr_line' id='line_1_16' title="bbox 330 1297 1619 1361; baseline 0.005 -21"><span class='ocrx_word' id='word_1_106' title='bbox 330 1297 511 1353; x_wconf 81' lang='lat' dir='ltr'>Fames,</span> <span class='ocrx_word' id='word_1_107' title='bbox 533 1297 587 1343; x_wconf 93' lang='lat' dir='ltr'>de</span> <span class='ocrx_word' id='word_1_108' title='bbox 609 1314 697 1361; x_wconf 87' lang='lat' dir='ltr'>qua</span> <span class='ocrx_word' id='word_1_109' title='bbox 718 1297 942 1354; x_wconf 89' lang='lat' dir='ltr'>diximus;</span> <span class='ocrx_word' id='word_1_110' title='bbox 966 1299 1092 1345; x_wconf 85' lang='lat' dir='ltr'>Circi</span> <span class='ocrx_word' id='word_1_111' title='bbox 1115 1299 1239 1345; x_wconf 84' lang='lat' dir='ltr'>ruina</span> <span class='ocrx_word' id='word_1_112' title='bbox 1259 1316 1273 1354; x_wconf 85' lang='lat'>;</span> <span class='ocrx_word' id='word_1_113' title='bbox 1294 1312 1421 1345; x_wconf 83' lang='lat' dir='ltr'>terrae</span> <span class='ocrx_word' id='word_1_114' title='bbox 1437 1313 1589 1346; x_wconf 89' lang='lat' dir='ltr'>motus</span> <span class='ocrx_word' id='word_1_115' title='bbox 1604 1335 1619 1358; x_wconf 88' lang='lat'><em>‚</em></span> 
     </span>
     <span class='ocr_line' id='line_1_17' title="bbox 330 1369 1619 1435; baseline 0.005 -24"><span class='ocrx_word' id='word_1_116' title='bbox 330 1383 424 1430; x_wconf 91' lang='lat' dir='ltr'>quo</span> <span class='ocrx_word' id='word_1_117' title='bbox 446 1369 731 1417; x_wconf 83' lang='lat' dir='ltr'>Rhodiorum</span> <span class='ocrx_word' id='word_1_118' title='bbox 756 1373 804 1418; x_wconf 67' lang='grc' dir='ltr'>ὃ(</span> <span class='ocrx_word' id='word_1_119' title='bbox 827 1371 940 1418; x_wconf 79' lang='lat' dir='ltr'>Afiae</span> <span class='ocrx_word' id='word_1_120' title='bbox 966 1371 1131 1434; x_wconf 86' lang='lat' dir='ltr'>oppida</span> <span class='ocrx_word' id='word_1_121' title='bbox 1157 1372 1485 1418; x_wconf 77' lang='lat' dir='ltr'>conciderunt:</span> <span class='ocrx_word' id='word_1_122' title='bbox 1519 1389 1619 1435; x_wconf 83' lang='lat' dir='ltr'>quae</span> 
     </span>
     <span class='ocr_line' id='line_1_18' title="bbox 329 1441 1617 1505; baseline 0.005 -20"><span class='ocrx_word' id='word_1_123' title='bbox 329 1441 485 1487; x_wconf 90' lang='lat' dir='ltr'>omnia</span> <span class='ocrx_word' id='word_1_124' title='bbox 516 1441 704 1490; x_wconf 84' lang='lat' dir='ltr'>mirifice</span> <span class='ocrx_word' id='word_1_125' title='bbox 741 1443 1015 1491; x_wconf 87' lang='lat' dir='ltr'>instauravit.</span> <span class='ocrx_word' id='word_1_126' title='bbox 1053 1446 1102 1492; x_wconf 89' lang='lat'>&amp;</span> <span class='ocrx_word' id='word_1_127' title='bbox 1134 1446 1293 1490; x_wconf 85' lang='lat' dir='ltr'>Romae</span> <span class='ocrx_word' id='word_1_128' title='bbox 1329 1445 1617 1505; x_wconf 80' lang='lat' dir='ltr'>incendium,</span> 
     </span>
     <span class='ocr_line' id='line_1_19' title="bbox 327 1513 1618 1579; baseline 0.004 -22"><span class='ocrx_word' id='word_1_129' title='bbox 327 1513 453 1574; x_wconf 85' lang='lat' dir='ltr'>quod</span> <span class='ocrx_word' id='word_1_130' title='bbox 477 1527 693 1563; x_wconf 86' lang='lat' dir='ltr'>trecentas</span> <span class='ocrx_word' id='word_1_131' title='bbox 719 1516 1007 1579; x_wconf 84' lang='lat' dir='ltr'>quadraginta</span> <span class='ocrx_word' id='word_1_132' title='bbox 1043 1516 1205 1562; x_wconf 87' lang='lat' dir='ltr'>insulas</span> <span class='ocrx_word' id='word_1_133' title='bbox 1238 1515 1311 1561; x_wconf 89' lang='lat' dir='ltr'>vel</span> <span class='ocrx_word' id='word_1_134' title='bbox 1343 1516 1506 1562; x_wconf 92' lang='lat' dir='ltr'>domos</span> <span class='ocrx_word' id='word_1_135' title='bbox 1541 1518 1618 1562; x_wconf 91' lang='lat' dir='ltr'>ab·</span> 
     </span>
     <span class='ocr_line' id='line_1_20' title="bbox 327 1584 1616 1651; baseline 0.003 -20"><span class='ocrx_word' id='word_1_136' title='bbox 327 1584 505 1633; x_wconf 77' lang='lat' dir='ltr'>sumsit:</span> <span class='ocrx_word' id='word_1_137' title='bbox 526 1589 576 1635; x_wconf 87' lang='lat'><strong>&amp;</strong></span> <span class='ocrx_word' id='word_1_138' title='bbox 596 1589 899 1636; x_wconf 70' lang='lat' dir='ltr'>Narbonensis</span> <span class='ocrx_word' id='word_1_139' title='bbox 926 1589 1111 1641; x_wconf 81' lang='lat' dir='ltr'>civitas,</span> <span class='ocrx_word' id='word_1_140' title='bbox 1129 1589 1179 1635; x_wconf 87' lang='lat'>&amp;</span> <span class='ocrx_word' id='word_1_141' title='bbox 1203 1588 1506 1635; x_wconf 82' lang='lat' dir='ltr'>Antiochense</span> <span class='ocrx_word' id='word_1_142' title='bbox 1528 1605 1616 1651; x_wconf 88' lang='lat' dir='ltr'>op-</span> 
     </span>
     <span class='ocr_line' id='line_1_21' title="bbox 326 1660 1613 1727; baseline 0.002 -22"><span class='ocrx_word' id='word_1_143' title='bbox 326 1660 479 1722; x_wconf 86' lang='lat' dir='ltr'>pidum</span> <span class='ocrx_word' id='word_1_144' title='bbox 496 1699 509 1719; x_wconf 94' lang='lat'>,</span> <span class='ocrx_word' id='word_1_145' title='bbox 535 1664 584 1709; x_wconf 86' lang='lat'>&amp;</span> <span class='ocrx_word' id='word_1_146' title='bbox 601 1663 963 1727; x_wconf 83' lang='lat' dir='ltr'>Carthaginiense</span> <span class='ocrx_word' id='word_1_147' title='bbox 988 1662 1138 1708; x_wconf 89' lang='lat' dir='ltr'>forum</span> <span class='ocrx_word' id='word_1_148' title='bbox 1158 1661 1273 1709; x_wconf 81' lang='lat' dir='ltr'>arsit.</span> <span class='ocrx_word' id='word_1_149' title='bbox 1293 1663 1392 1708; x_wconf 91' lang='lat' dir='ltr'>Fuit</span> <span class='ocrx_word' id='word_1_150' title='bbox 1412 1664 1460 1709; x_wconf 89' lang='lat'>&amp;</span> <span class='ocrx_word' id='word_1_151' title='bbox 1480 1663 1613 1709; x_wconf 87' lang='lat' dir='ltr'>inun-</span> 
     </span>
     <span class='ocr_line' id='line_1_22' title="bbox 326 1734 1613 1801; baseline 0.005 -24"><span class='ocrx_word' id='word_1_152' title='bbox 326 1734 450 1780; x_wconf 83' lang='lat' dir='ltr'>datio</span> <span class='ocrx_word' id='word_1_153' title='bbox 476 1736 683 1783; x_wconf 83' lang='lat' dir='ltr'>Tiberis=</span> <span class='ocrx_word' id='word_1_154' title='bbox 709 1738 913 1801; x_wconf 88' lang='lat' dir='ltr'>apparuit</span> <span class='ocrx_word' id='word_1_155' title='bbox 944 1739 992 1785; x_wconf 87' lang='lat'>&amp;</span> <span class='ocrx_word' id='word_1_156' title='bbox 1023 1736 1144 1782; x_wconf 86' lang='lat' dir='ltr'>stella</span> <span class='ocrx_word' id='word_1_157' title='bbox 1178 1736 1362 1782; x_wconf 83' lang='lat' dir='ltr'>crinita:</span> <span class='ocrx_word' id='word_1_158' title='bbox 1389 1750 1518 1782; x_wconf 88' lang='lat' dir='ltr'>natus</span> <span class='ocrx_word' id='word_1_159' title='bbox 1551 1737 1613 1783; x_wconf 89' lang='lat' dir='ltr'>est</span> 
     </span>
     <span class='ocr_line' id='line_1_23' title="bbox 325 1807 1610 1872; baseline 0 -18"><span class='ocrx_word' id='word_1_160' title='bbox 325 1808 373 1854; x_wconf 66' lang='grc' dir='ltr'>δέ</span> <span class='ocrx_word' id='word_1_161' title='bbox 398 1807 547 1870; x_wconf 85' lang='lat' dir='ltr'>biceps</span> <span class='ocrx_word' id='word_1_162' title='bbox 568 1827 676 1871; x_wconf 89' lang='lat' dir='ltr'>puer</span> <span class='ocrx_word' id='word_1_163' title='bbox 692 1829 705 1865; x_wconf 92' lang='lat'>;</span> <span class='ocrx_word' id='word_1_164' title='bbox 724 1812 773 1858; x_wconf 64' lang='grc' dir='ltr'>δε</span> <span class='ocrx_word' id='word_1_165' title='bbox 801 1827 894 1856; x_wconf 91' lang='lat' dir='ltr'>uno</span> <span class='ocrx_word' id='word_1_166' title='bbox 914 1822 1040 1872; x_wconf 86' lang='lat' dir='ltr'>partu</span> <span class='ocrx_word' id='word_1_167' title='bbox 1058 1808 1254 1855; x_wconf 87' lang='lat' dir='ltr'>mulieris</span> <span class='ocrx_word' id='word_1_168' title='bbox 1278 1808 1482 1871; x_wconf 89' lang='lat' dir='ltr'>quinque</span> <span class='ocrx_word' id='word_1_169' title='bbox 1502 1825 1610 1870; x_wconf 85' lang='lat' dir='ltr'>pue-</span> 
     </span>
     <span class='ocr_line' id='line_1_24' title="bbox 320 1878 1607 1941; baseline 0.002 -18"><span class='ocrx_word' id='word_1_170' title='bbox 320 1879 358 1924; x_wconf 84' lang='lat' dir='ltr'>ri</span> <span class='ocrx_word' id='word_1_171' title='bbox 394 1879 499 1925; x_wconf 90' lang='lat' dir='ltr'>editi</span> <span class='ocrx_word' id='word_1_172' title='bbox 528 1879 643 1928; x_wconf 87' lang='lat' dir='ltr'>sunt.</span> <span class='ocrx_word' id='word_1_173' title='bbox 679 1881 808 1926; x_wconf 81' lang='lat' dir='ltr'>Visus</span> <span class='ocrx_word' id='word_1_174' title='bbox 844 1880 906 1927; x_wconf 90' lang='lat' dir='ltr'>est</span> <span class='ocrx_word' id='word_1_175' title='bbox 940 1881 984 1926; x_wconf 90' lang='lat' dir='ltr'>in</span> <span class='ocrx_word' id='word_1_176' title='bbox 1024 1879 1187 1926; x_wconf 87' lang='lat' dir='ltr'>Arabia</span> <span class='ocrx_word' id='word_1_177' title='bbox 1219 1878 1396 1939; x_wconf 87' lang='lat' dir='ltr'>jubatus</span> <span class='ocrx_word' id='word_1_178' title='bbox 1423 1879 1607 1941; x_wconf 75' lang='lat' dir='ltr'>angui5‚</span> 
     </span>
     <span class='ocr_line' id='line_1_25' title="bbox 320 1950 1607 2013; baseline 0.001 -16"><span class='ocrx_word' id='word_1_179' title='bbox 320 1950 467 2013; x_wconf 84' lang='lat' dir='ltr'>major</span> <span class='ocrx_word' id='word_1_180' title='bbox 487 1951 626 1998; x_wconf 75' lang='lat' dir='ltr'>solitis</span> <span class='ocrx_word' id='word_1_181' title='bbox 644 1989 656 2006; x_wconf 86' lang='lat'>,</span> <span class='ocrx_word' id='word_1_182' title='bbox 678 1953 755 2013; x_wconf 68' lang='lat' dir='ltr'>qui</span> <span class='ocrx_word' id='word_1_183' title='bbox 779 1952 819 1998; x_wconf 91' lang='lat' dir='ltr'>se</span> <span class='ocrx_word' id='word_1_184' title='bbox 845 1970 868 1999; x_wconf 89' lang='lat' dir='ltr'>a</span> <span class='ocrx_word' id='word_1_185' title='bbox 887 1953 1023 1999; x_wconf 87' lang='lat' dir='ltr'>cauda</span> <span class='ocrx_word' id='word_1_186' title='bbox 1043 1952 1236 1998; x_wconf 89' lang='lat' dir='ltr'>medium</span> <span class='ocrx_word' id='word_1_187' title='bbox 1262 1951 1471 1998; x_wconf 85' lang='lat' dir='ltr'>comedit.</span> <span class='ocrx_word' id='word_1_188' title='bbox 1491 1954 1607 1998; x_wconf 88' lang='lat' dir='ltr'>Lues</span> 
     </span>
     <span class='ocr_line' id='line_1_26' title="bbox 318 2023 1605 2072; baseline 0.003 -4"><span class='ocrx_word' id='word_1_189' title='bbox 318 2023 451 2070; x_wconf 86' lang='lat' dir='ltr'>etiam</span> <span class='ocrx_word' id='word_1_190' title='bbox 481 2024 526 2070; x_wconf 87' lang='lat' dir='ltr'>in</span> <span class='ocrx_word' id='word_1_191' title='bbox 553 2026 711 2072; x_wconf 80' lang='lat' dir='ltr'>Arabia</span> <span class='ocrx_word' id='word_1_192' title='bbox 744 2025 836 2070; x_wconf 87' lang='lat' dir='ltr'>fuit.</span> <span class='ocrx_word' id='word_1_193' title='bbox 867 2025 1098 2070; x_wconf 68' lang='lat' dir='ltr'>Hordeum</span> <span class='ocrx_word' id='word_1_194' title='bbox 1121 2025 1165 2070; x_wconf 90' lang='lat' dir='ltr'>in</span> <span class='ocrx_word' id='word_1_195' title='bbox 1193 2025 1348 2070; x_wconf 78' lang='lat' dir='ltr'>Moesia</span> <span class='ocrx_word' id='word_1_196' title='bbox 1372 2024 1418 2069; x_wconf 92' lang='lat' dir='ltr'>in</span> <span class='ocrx_word' id='word_1_197' title='bbox 1444 2025 1605 2072; x_wconf 88' lang='lat' dir='ltr'>culmi-</span> 
     </span>
     <span class='ocr_line' id='line_1_27' title="bbox 318 2096 1603 2158; baseline 0.002 -15"><span class='ocrx_word' id='word_1_198' title='bbox 318 2096 448 2143; x_wconf 83' lang='lat' dir='ltr'>nibus</span> <span class='ocrx_word' id='word_1_199' title='bbox 472 2098 682 2144; x_wconf 83' lang='lat' dir='ltr'>arborum</span> <span class='ocrx_word' id='word_1_200' title='bbox 707 2112 856 2144; x_wconf 89' lang='lat' dir='ltr'>natum</span> <span class='ocrx_word' id='word_1_201' title='bbox 885 2099 956 2144; x_wconf 83' lang='lat' dir='ltr'>est.</span> <span class='ocrx_word' id='word_1_202' title='bbox 981 2100 1193 2157; x_wconf 85' lang='lat' dir='ltr'>Quatuor</span> <span class='ocrx_word' id='word_1_203' title='bbox 1215 2110 1426 2158; x_wconf 72' lang='lat' dir='ltr'>praeterea</span> <span class='ocrx_word' id='word_1_204' title='bbox 1449 2098 1603 2145; x_wconf 86' lang='lat' dir='ltr'>leones</span> 
     </span>
     <span class='ocr_line' id='line_1_28' title="bbox 315 2169 1601 2231; baseline 0.002 -16"><span class='ocrx_word' id='word_1_205' title='bbox 315 2169 560 2227; x_wconf 85' lang='lat' dir='ltr'>mansueti,</span> <span class='ocrx_word' id='word_1_206' title='bbox 593 2171 748 2231; x_wconf 89' lang='lat' dir='ltr'>sponte</span> <span class='ocrx_word' id='word_1_207' title='bbox 778 2171 818 2216; x_wconf 90' lang='lat' dir='ltr'>se</span> <span class='ocrx_word' id='word_1_208' title='bbox 849 2170 1093 2231; x_wconf 85' lang='lat' dir='ltr'>capiendos</span> <span class='ocrx_word' id='word_1_209' title='bbox 1131 2171 1174 2215; x_wconf 88' lang='lat' dir='ltr'>in</span> <span class='ocrx_word' id='word_1_210' title='bbox 1203 2171 1362 2217; x_wconf 76' lang='lat' dir='ltr'>Arabia</span> <span class='ocrx_word' id='word_1_211' title='bbox 1396 2172 1601 2231; x_wconf 84' lang='lat' dir='ltr'>praebue-</span> 
     </span>
     <span class='ocr_line' id='line_1_29' title="bbox 309 2244 1599 2307; baseline 0.001 -17"><span class='ocrx_word' id='word_1_212' title='bbox 309 2259 427 2291; x_wconf 72' lang='lat' dir='ltr'>runt.</span> <span class='ocrx_word' id='word_1_213' title='bbox 450 2244 758 2292; x_wconf 81' lang='lat' dir='ltr'>Pharasmanes</span> <span class='ocrx_word' id='word_1_214' title='bbox 779 2261 858 2291; x_wconf 80' lang='lat' dir='ltr'>rex</span> <span class='ocrx_word' id='word_1_215' title='bbox 879 2244 932 2290; x_wconf 92' lang='lat' dir='ltr'>ad</span> <span class='ocrx_word' id='word_1_216' title='bbox 953 2260 1052 2290; x_wconf 86' lang='lat' dir='ltr'>eum</span> <span class='ocrx_word' id='word_1_217' title='bbox 1080 2245 1274 2291; x_wconf 85' lang='lat' dir='ltr'>Romam</span> <span class='ocrx_word' id='word_1_218' title='bbox 1306 2245 1457 2300; x_wconf 75' lang='lat' dir='ltr'>venit,</span> <span class='ocrx_word' id='word_1_219' title='bbox 1479 2245 1599 2307; x_wconf 89' lang='lat' dir='ltr'>plus-</span> 
     </span>
     <span class='ocr_line' id='line_1_30' title="bbox 309 2318 1597 2382; baseline 0.001 -19"><span class='ocrx_word' id='word_1_220' title='bbox 309 2334 398 2380; x_wconf 68' lang='lat' dir='ltr'>que</span> <span class='ocrx_word' id='word_1_221' title='bbox 424 2318 515 2375; x_wconf 70' lang='lat' dir='ltr'>iili,</span> <span class='ocrx_word' id='word_1_222' title='bbox 543 2335 677 2381; x_wconf 86' lang='lat' dir='ltr'>quam</span> <span class='ocrx_word' id='word_1_223' title='bbox 709 2318 937 2364; x_wconf 86' lang='lat' dir='ltr'>Hadriano</span> <span class='ocrx_word' id='word_1_224' title='bbox 955 2353 968 2374; x_wconf 92' lang='lat'>‚</span> <span class='ocrx_word' id='word_1_225' title='bbox 994 2318 1167 2363; x_wconf 82' lang='lat' dir='ltr'>detulit.</span> <span class='ocrx_word' id='word_1_226' title='bbox 1198 2319 1415 2364; x_wconf 85' lang='lat' dir='ltr'>Pacorum</span> <span class='ocrx_word' id='word_1_227' title='bbox 1447 2333 1597 2382; x_wconf 80' lang='lat' dir='ltr'>regem</span> 
     </span>
     <span class='ocr_line' id='line_1_31' title="bbox 309 2390 1597 2453; baseline 0 -17"><span class='ocrx_word' id='word_1_228' title='bbox 309 2390 431 2437; x_wconf 85' lang='lat' dir='ltr'>Lazis</span> <span class='ocrx_word' id='word_1_229' title='bbox 458 2391 592 2438; x_wconf 89' lang='lat' dir='ltr'>dedit.</span> <span class='ocrx_word' id='word_1_230' title='bbox 616 2392 880 2438; x_wconf 77' lang='lat' dir='ltr'>Parthorum</span> <span class='ocrx_word' id='word_1_231' title='bbox 917 2408 1063 2453; x_wconf 87' lang='lat' dir='ltr'>regem</span> <span class='ocrx_word' id='word_1_232' title='bbox 1089 2392 1142 2438; x_wconf 89' lang='lat' dir='ltr'>ab</span> <span class='ocrx_word' id='word_1_233' title='bbox 1172 2392 1489 2438; x_wconf 83' lang='lat' dir='ltr'>Armeniorum</span> <span class='ocrx_word' id='word_1_234' title='bbox 1521 2408 1597 2436; x_wconf 82' lang='lat' dir='ltr'>ex-</span> 
     </span>
     <span class='ocr_line' id='line_1_32' title="bbox 309 2462 1592 2527; baseline -0.001 -17"><span class='ocrx_word' id='word_1_235' title='bbox 309 2462 585 2527; x_wconf 77' lang='lat' dir='ltr'>pugnatione</span> <span class='ocrx_word' id='word_1_236' title='bbox 614 2464 717 2511; x_wconf 73' lang='lat' dir='ltr'>solis</span> <span class='ocrx_word' id='word_1_237' title='bbox 743 2463 878 2510; x_wconf 72' lang='lat' dir='ltr'>literis</span> <span class='ocrx_word' id='word_1_238' title='bbox 905 2463 1079 2526; x_wconf 69' lang='lat' dir='ltr'>repuiit.</span> <span class='ocrx_word' id='word_1_239' title='bbox 1100 2463 1326 2525; x_wconf 76' lang='lat' dir='ltr'>Abgarum</span> <span class='ocrx_word' id='word_1_240' title='bbox 1356 2479 1500 2526; x_wconf 63' lang='lat' dir='ltr'>regem</span> <span class='ocrx_word' id='word_1_241' title='bbox 1535 2479 1592 2509; x_wconf 84' lang='lat' dir='ltr'>ex</span> 
     </span>
    </p>
   </div>
  </div>
 </body>
</html>
