1714 2807
347 171 410 222 90
538 159 952 206 TREBELLH
1003 162 1430 232 POLLIONIS

343 263 635 323 existimaret,
670 265 799 312 tulit.
837 264 996 313 milites
1029 284 1141 315 vero
1177 267 1237 316 ita
1273 269 1537 329 doluerunt,
1571 281 1621 318 ut

344 353 437 383 non
464 338 609 383 multo
639 338 738 400 post
770 338 916 386 vicem
944 339 1195 387 redderent.

407 410 469 456 X.
494 409 706 457 Gallieno
727 411 776 458 &
793 412 1035 459 Saturnino
1061 412 1362 467 Consulibus,
1388 415 1622 463 Odenatus

340 497 419 527 rex
447 482 821 546 Palmyrenorum
850 486 1052 532 obtinuit
1081 487 1220 534 totius
1248 488 1486 535 Orientis
1475 505 1620 551 impe-

339 552 481 601 rium:
505 553 678 603 idcirco
706 557 957 620 praecipue,
983 559 1107 620 quod
1129 558 1169 604 se
1194 558 1387 607 fortibus
1412 561 1533 607 fastis
1554 562 1620 608 di-

338 644 473 691 gnum
509 642 645 676 tantae
674 630 906 690 majestatis
934 632 1084 678 infulis
1116 632 1378 689 declaravit3
1407 635 1619 681 Gallieno

337 712 412 746 aut
443 702 581 748 nullas
599 737 612 759 ,
643 716 718 748 aut
741 703 1016 760 luxuriosas,
1043 717 1118 750 aut
1145 705 1314 764 ineptas
1339 707 1385 753 &
1409 707 1617 754 ridiculas

336 789 403 820 res
438 788 609 837 agente.
642 775 833 838 denique
862 776 1001 822 statim
1035 775 1199 822 bellum
1227 777 1362 824 Persis
1388 777 1432 823 in
1464 777 1617 825 vindi-

336 846 447 892 &am
480 847 734 905 Valeriani,
761 864 891 909 quam
920 845 1012 906 ejus
1037 847 1154 894 filius
1187 849 1465 913 negligebat,
1496 850 1614 896 indi-

335 919 413 965 xit.
439 920 612 966 Nisibin
643 921 693 967 ὃ(
725 922 886 967 Carras
912 921 1052 968 statim
1083 934 1306 983 occupat,
1338 923 1616 971 tradentibus

337 991 420 1038 sese
441 992 664 1039 Nisibenis
686 1009 818 1055 atque
836 994 1070 1051 Carrenis,
1089 994 1486 1055 &increpantibus
1505 996 1613 1042 Gal·

335 1065 515 1112 lienum.
540 1068 637 1115 Nec
663 1066 803 1114 defuit
824 1082 969 1114 tamen
997 1067 1249 1114 reverentia
1273 1068 1468 1114 Odenati
1492 1069 1613 1116 circa

334 1137 598 1186 Gallienum.
631 1156 729 1186 nam
764 1155 917 1202 captos
948 1140 1164 1202 satrapas,
1195 1140 1436 1186 insultandi
1470 1157 1611 1202 prope

331 1212 470 1274 gratia
485 1216 559 1279 ,ὃς
579 1212 830 1260 ostentandi
845 1213 905 1258 sui
923 1249 936 1270 ,
958 1213 1011 1258 ad
1032 1230 1130 1258 eum
1151 1211 1278 1258 mifit.
1301 1213 1495 1275 quicum
1517 1215 1611 1259 Ro-

331 1299 447 1328 mam
476 1285 649 1331 dedufti
685 1285 848 1341 effent,
880 1285 1089 1331 vincente
1118 1285 1330 1330 Odenato
1360 1286 1610 1348 triumpha-

331 1356 400 1402 vit
431 1358 689 1416 Gallienus,
720 1359 839 1405 nulla
875 1358 1106 1405 mentione
1137 1359 1271 1421 patris
1305 1358 1440 1406 faita:
1474 1377 1607 1423 quem

330 1446 413 1477 nec
441 1431 556 1477 inter
582 1433 712 1480 Dzos
740 1434 915 1495 quidam
934 1468 948 1490 ‚
973 1432 1049 1478 nisi
1081 1433 1287 1490 coaftus,
1307 1434 1486 1491 retulit,
1505 1451 1606 1482 cum

329 1517 560 1552 mortuum
595 1507 802 1565 audiiset,
836 1507 908 1553 sed
945 1507 1089 1553 adhuc
1124 1507 1381 1554 viventem:
1417 1524 1519 1555 nam
1553 1509 1607 1555 de

328 1575 444 1624 illius
477 1593 623 1628 morte
652 1581 761 1628 falso
795 1594 1085 1642 compererat.
1116 1581 1350 1628 Odenatus
1379 1595 1524 1628 autem
1553 1582 1606 1629 ad

329 1649 671 1713 Ctesiphontem
691 1655 954 1701 Parthorum
973 1653 1301 1700 multitudinem
1319 1655 1513 1702 obsedit:
1533 1672 1606 1701 va-

328 1720 533 1787 statisque
558 1725 727 1774 circum
754 1726 964 1773 omnibus
995 1726 1135 1783 locis,
1165 1725 1428 1773 innumeros
1458 1727 1605 1773 homi·

328 1811 406 1842 nes
430 1795 664 1845 interemit.
692 1799 775 1845 Sed
800 1815 899 1845 cum
927 1799 1104 1861 satrapae
1129 1814 1285 1846 omnes
1309 1816 1363 1845 ex
1390 1799 1604 1847 omnibus

326 1868 586 1930 regionibus
605 1871 734 1929 illuc,
753 1872 1020 1919 defensionis
1041 1872 1292 1919 communis
1312 1874 1446 1934 gratia
1461 1909 1476 1930 ,
1494 1890 1602 1919 con-

328 1940 569 1997 volassem,
597 1943 773 1991 fuerunt
806 1945 939 2007 longa
970 1947 1018 1992 &
1051 1945 1171 1993 varia
1197 1947 1387 2007 proelia;
1419 1947 1602 2009 longior

327 2023 474 2059 tamen
502 2014 705 2062 Romana
742 2016 954 2064 victoria:
985 2019 1033 2065 δι
1068 2035 1169 2065 cum
1207 2018 1320 2064 nihil
1353 2018 1471 2064 aliud
1500 2036 1601 2076 age-

327 2097 420 2140 ret,
447 2085 525 2131 nisi
561 2098 607 2132 ut
634 2088 918 2135 Valerianum
951 2090 1182 2136 Odenatus
1212 2090 1441 2148 liberaret,
1469 2090 1601 2136 insta-

326 2155 403 2201 bat
429 2157 659 2219 quotidie,
687 2176 736 2206 ac
767 2160 973 2208 locorum
1003 2161 1358 2222 difficultatibus,
1382 2162 1429 2209 in
1453 2163 1600 2211 alieno

326 2228 424 2274 solo
438 2264 450 2285 ‚
471 2232 718 2291 Imperator
739 2231 937 2294 optimus
967 2233 1211 2281 laborabat.

392 2303 471 2350 XI.
495 2304 623 2349 Dum
645 2304 741 2351 haec
773 2307 887 2368 apud
913 2306 1054 2352 Persas
1083 2320 1318 2369 geruntur,
1343 2307 1522 2371 Scythae
1552 2308 1599 2353 in

328 2373 659 2436 Cappadociam
685 2377 994 2438 pervaserunt:
1023 2378 1112 2424 illic
1145 2378 1282 2441 captis
1310 2379 1598 2436 civitatibus,

326 2445 447 2493 bello
468 2446 596 2496 etiam
621 2449 747 2497 vario
778 2449 853 2497 diu
881 2449 996 2498 acies
1024 2450 1078 2497 ad
1107 2450 1363 2514 Bithyniam
1386 2450 1593 2499 contule-
