1637 2785
319 157 642 231 SEVERUS
679 155 1129 203 IMPERATOR.
1280 169 1366 215 149

93 268 150 314 de
178 266 324 329 Nigro
356 266 495 327 palam
532 264 697 310 dicens,
730 264 797 308 Ad
828 263 1022 308 Africam
1052 275 1199 307 tamen
1230 259 1369 323 legio·

96 356 175 387 nes
194 338 307 386 mifit
322 372 336 394 ‚
358 354 412 383 ne
433 354 510 399 per
537 335 729 399 Lybiam
752 338 799 382 &
819 336 1063 398 AEgyptum
1085 334 1225 397 Niger
1254 332 1369 380 Afri-

94 429 193 459 cam
224 423 500 472 occuparet,
541 426 592 456 ac
637 410 856 471 populum
898 410 1154 454 Romanum
1187 406 1371 469 penuria

28 519 31 525 a
94 484 160 531 rei
185 483 487 530 frumentariae
511 498 777 545 perurgeret.
799 481 1058 528 Domitium
1079 481 1302 525 Dextrum
1325 477 1372 522 in

93 557 250 603 locum
277 555 387 602 Baffi
412 554 609 601 Praefecti
632 556 746 602 Urbi
771 553 976 616 reliquit3
996 568 1128 614 atque
1148 551 1264 625 intra
1291 550 1371 597 tri·

95 630 218 692 ginta
248 628 370 683 dies,
397 644 530 688 quam
560 630 750 674 Romam
784 640 999 682 venerat,
1035 625 1095 671 est
1129 624 1372 687 profectus.

96 700 298 765 Egressus
320 701 374 746 ab
394 702 517 747 Urbe
535 702 588 746 ad
605 703 719 747 Saxa
744 700 900 757 rubra,
926 699 1187 745 seditionem
1212 697 1371 759 ingen-

95 789 185 823 tem
214 775 278 821 ob
305 773 458 822 locum
489 775 732 822 castrorum
763 775 1073 821 metandorum
1099 773 1152 818 ab
1175 769 1375 818 exercitu

97 847 241 910 paffus
266 846 341 893 est.
368 848 583 893 Occurrit
612 849 652 894 ei
687 849 735 894 &
766 847 905 894 statim
937 848 1051 892 Geta
1077 843 1211 890 frater
1242 842 1374 888 suus:

96 936 231 983 quem
266 919 549 981 provinciam
580 920 658 965 fibi
689 920 899 967 creditam
934 934 1085 982 regere
1127 915 1339 979 praecepit
1359 949 1374 971 ,

93 993 218 1039 aliud
241 993 502 1053 sperantem.
524 992 920 1055 Nigriliberos‚ad
941 992 981 1038 se
1004 988 1297 1044 adductossin
1318 1002 1374 1032 eo

95 1064 253 1111 habuit
285 1064 492 1120 honore,
520 1081 613 1125 quo
642 1065 762 1111 suos.
788 1065 964 1111 Miserat
990 1064 1089 1109 stine
1117 1061 1339 1124 legionem
1361 1093 1377 1115 ,

95 1154 199 1199 quae
226 1136 449 1182 Graeciam
473 1137 799 1198 Thraciamque
824 1137 1108 1199 praeriperet,
1128 1152 1181 1181 ne
1201 1151 1271 1180 eas
1290 1134 1374 1179 Pe-

96 1207 306 1256 scennius
334 1223 604 1269 occuparet:
634 1209 706 1255 ted
730 1209 816 1270 jam
845 1208 1112 1273 Byzantium
1138 1207 1275 1270 Niger
1307 1217 1377 1252 te·

97 1281 245 1329 nebat.
285 1280 546 1326 Perinthum
587 1280 718 1327 etiam
752 1282 889 1344 Niger
928 1282 1086 1327 volens
1121 1293 1376 1340 occupare,

98 1354 320 1417 plurimos
350 1354 404 1399 de
431 1354 632 1401 exercitu
659 1355 913 1403 interfecit:
935 1369 1069 1418 atque
1099 1354 1203 1400 ideo
1237 1351 1376 1399 hostis

97 1443 204 1474 cum
231 1425 472 1473 AEmiliano
492 1426 553 1472 est
575 1428 831 1488 appellatus.
851 1428 1059 1491 Cumque
1086 1428 1298 1473 Severum
1321 1426 1376 1471 ad

99 1500 410 1563 participatum
439 1514 650 1559 vocaret,
677 1514 932 1549 contemtus
956 1502 1031 1548 est.
1051 1500 1259 1547 Promifit
1279 1498 1377 1546 sane

99 1574 249 1637 Nigro
276 1586 418 1620 tutum
444 1574 647 1621 exsilium
664 1611 676 1631 ‚
702 1575 733 1621 si
766 1576 930 1624 vellet:
960 1574 1202 1622 AEmiliano
1231 1583 1376 1618 autem

100 1663 199 1692 non
228 1645 424 1709 ignovit.
455 1647 717 1694 AEmilianus
752 1647 915 1694 dehinc
952 1648 1095 1694 νίἃιιε
1127 1645 1172 1690 in
1207 1643 1376 1690 Helles·-

99 1732 248 1783 ponto
283 1735 306 1763 a
333 1719 488 1765 Severi
521 1720 740 1777 ducibus,
772 1720 994 1783 Cyzicum
1028 1718 1219 1779 primum
1267 1734 1379 1764 con-

98 1791 242 1854 fugit,
261 1802 392 1852 atque
411 1791 514 1837 inde
539 1791 585 1836 in
605 1792 730 1838 aliam
754 1792 1011 1839 civitatem:
1037 1791 1082 1837 in
1112 1807 1200 1854 qua
1219 1805 1378 1836 eorum

98 1863 213 1926 jussu
241 1862 412 1910 occisus
437 1864 512 1910 est.
545 1864 663 1910 Fusae
692 1864 790 1912 sunt
819 1865 925 1912 item
962 1864 1107 1928 copiae
1137 1864 1192 1911 ab
1223 1863 1376 1910 iisdem

100 1938 291 1985 ducibus
324 1937 454 1985 etia-m
483 1938 624 2001 Nigri.

167 2010 248 2057 IX.
273 2009 359 2057 His
375 2010 557 2064 auditis,
583 2011 636 2058 ad
671 2013 881 2058 Senatum
914 2013 1106 2058 Severus
1135 2009 1342 2057 Pertinax
1366 2044 1380 2067 ,

101 2081 225 2144 quast
257 2082 470 2129 confectis
501 2084 632 2130 rebus
654 2120 666 2141 ,
695 2085 840 2132 literas
872 2085 1000 2131 misit.
1027 2084 1186 2130 deinde
1212 2081 1379 2130 confli—

100 2153 171 2201 xit
192 2170 291 2200 cum
313 2154 484 2216 Nigro,
507 2172 696 2218 eumque
720 2159 838 2218 apud
869 2157 1093 2222 Cyzicum
1121 2155 1378 2210 interemit,

99 2224 450 2287 caputqueejus
481 2226 577 2289 pilo
619 2227 907 2276 circumtulit.
946 2228 1081 2274 Filios
1111 2225 1244 2289 Nigri
1280 2225 1380 2287 post

100 2299 192 2345 hoc
216 2335 229 2355 ‚
265 2314 379 2361 quos
406 2298 586 2347 suorum
620 2302 867 2348 liberorum
905 2304 1025 2350 cultu
1056 2302 1295 2358 habuerat,
1332 2299 1379 2345 in

101 2370 301 2417 exsilium
330 2387 432 2417 cum
466 2385 606 2420 matre
636 2374 765 2420 mifit.
803 2374 970 2421 Literas
1001 2375 1054 2419 ad
1083 2374 1293 2419 Senatum
1326 2373 1382 2419 de

103 2440 297 2490 νίἑὶοι-ἱει
324 2443 457 2492 dedit.
499 2446 656 2508 Neque
693 2462 961 2510 quemquam
995 2446 1290 2506 Senatorum,
1305 2451 1384 2510 qui

825 2518 827 2520 ,
986 2517 1040 2563 ,Κ
1080 2533 1102 2580 3
1160 2532 1164 2533 ⁷
