1637 2785
264 125 526 175 DIVUS
579 124 1132 175 AURELIANU'S.
1277 127 1372 192 163·

71 233 358 284 Brundufino
374 269 388 292 ,
427 231 645 279 Praefefilo
669 248 865 279 annonae
896 233 1129 291 Orientis,
1154 235 1203 281 &
1226 235 1374 297 Ulpio

73 309 256 357 Crinito
273 345 291 372 ,
308 310 424 356 duce
440 306 692 370 Illyriciani
713 306 865 353 limitis
883 308 932 355 &
949 308 1134 355 Thracii
1154 344 1168 365 ,
1193 310 1241 357 &
1267 309 1373 356 Ful-

75 381 160 429 vio
190 378 307 439 Boio
325 415 339 434 ‚
365 380 478 425 duce
499 376 694 424 Rhaetici
719 377 872 424 limitis
890 414 903 436 ‚
924 380 1193 427 Valerianus
1216 385 1378 445 Augu-

72 455 164 503 stus
193 454 335 500 dixit:
359 454 536 498 Gratias
567 453 643 497 tibi
669 454 759 513 agis
775 487 791 508 ‚
820 456 1048 499 Aureliane
1064 489 1078 512 ,
1103 456 1329 516 respublica
1349 471 1373 514 ,'

22 522 23 525 Ἴ
73 531 188 592 quod
207 547 294 574 eam
317 529 549 574 Gothorum
568 525 759 591 potestate
777 527 965 593 liberasti.
991 532 1037 572 A
1043 531 1278 576 bundamus
1295 549 1370 591 per

73 620 114 650 te
137 605 300 664 prada,
317 604 583 646 abundamus
611 603 747 661 gloria
764 635 776 653 ,
808 597 852 645 δ’
886 602 951 646 his
980 603 1173 649 omnibus
1190 638 1203 660 ,
1221 606 1377 665 quibus

75 677 273 722 Romana
293 673 477 730 felicitas
496 673 649 733 crescit.
673 674 783 733 Cape
803 674 932 735 igitur
946 676 1022 720 tibi
1028 694 1108 735 pro
1122 679 1237 721 rebus
1254 678 1375 742 gestis

74 751 159 796 tuis
177 764 351 794 coronas
371 750 549 791 murales
565 761 741 807 quatuor
753 781 765 800 ,
783 764 954 792 coronas
969 751 1151 794 vallares
1168 751 1344 811 quinque
1358 785 1377 809 ,

76 819 254 869 coronas
280 823 450 866 navales
484 822 591 865 duas
609 856 621 871 .
655 837 829 865 coronas
864 823 1019 866 civicas
1058 825 1194 877 duas,
1233 824 1374 889 hastas

70 911 203 957 puras
233 897 390 952 decem,
416 897 571 939 vexilla
591 895 769 939 bicolora
789 910 995 954 quatuor,
1019 897 1183 943 tunicas
1210 899 1379 944 ducales

78 968 213 1032 ruffizs
233 987 410 1030 quatuor
425 1003 439 1023 ‚
461 972 602 1030 pallia
620 970 942 1029 proconsularia
971 973 1054 1016 duo
1072 1005 1085 1027 ,
1105 986 1245 1033 togam
1268 990 1377 1032 prce·

78 1060 236 1089 textam
250 1077 264 1098 ‚
293 1045 478 1088 tunicam
494 1047 733 1103 palmatam
749 1078 760 1099 ‚
787 1059 928 1105 togam
948 1044 1102 1104 pic’t'am
1119 1079 1131 1101 ‚
1141 1046 1378 1106 subarma-

79 1120 157 1162 lem
184 1115 445 1177 profundum
468 1150 482 1174 ,
504 1117 658 1176 sellam
690 1118 912 1161 eboracam.
945 1117 1061 1161 Nam
1090 1133 1125 1163 te
1160 1119 1378 1178 Consulem

79 1193 200 1237 hodie
223 1191 415 1256 defigno,
432 1190 668 1251 scripturus
696 1193 756 1235 ad
791 1192 993 1235 Senatum
1010 1223 1022 1244 ,
1050 1207 1096 1236 ut
1122 1193 1200 1237 tibi
1218 1196 1380 1254 deputet

69 1266 330 1327 fiipiorzem‚
357 1264 521 1326 'deputet
548 1266 670 1310 etiam
695 1263 836 1321 fasces
853 1280 871 1310 .·
897 1265 980 1310 hoec
1007 1267 1115 1310 enim
1148 1269 1381 1329 Imperator

81 1357 169 1385 non
202 1339 304 1396 folet
343 1341 472 1394 dare,
501 1338 583 1399 sed
612 1357 640 1384 a
676 1341 872 1395 Senatu,
902 1341 1069 1399 quando
1095 1340 1157 1399 fit
1193 1342 1381 1403 Consul,

81 1429 270 1472 accipere.

149 1486 279 1532 XIV.
310 1483 415 1531 Post
447 1483 546 1531 haec
578 1483 805 1530 Valeriani
839 1482 978 1544 dieta,
1001 1485 1268 1535 Aurelianus
1291 1488 1385 1537 suri

83 1560 232 1615 rexit,
259 1572 395 1620 atque
425 1558 480 1604 ad
512 1573 664 1604 manus
690 1558 891 1617 acceffit,
915 1574 1050 1622 agens
1072 1561 1231 1623 gratias
1262 1563 1385 1617 mili-2

85 1631 254 1676 taribus
280 1629 455 1676 verbis:
489 1646 591 1693 quae
618 1630 801 1692 propria
825 1632 872 1677 &
895 1631 982 1692 ipsa
1013 1633 1281 1694 apponenda
1301 1634 1388 1688 de·-T

88 1703 228 1751 crevi.
266 1704 535 1750 Aurelianus
566 1703 700 1751 dixit:
721 1707 783 1750 Et
807 1723 877 1767 ego
893 1738 904 1759 ‚
931 1708 1095 1751 domine
1131 1710 1389 1769 Valeriane,·

88 1779 319 1838 Imperator
344 1777 531 1843 Auguste
547 1813 560 1835 ‚
579 1780 671 1824 ideo
700 1780 846 1824 cunc‘la
863 1780 950 1838 feci
965 1814 979 1837 ‚
1003 1782 1090 1826 ideo
1115 1787 1285 1829 vulnera
1300 1796 1387 1845 pa-‘

89 1857 236 1898 tienter
261 1854 424 1913 excepi,
451 1855 542 1897 ideo
573 1849 616 1897 δ’
640 1871 761 1913 equos
788 1851 830 1900 ἃ
859 1855 1091 1900 cantherios
1122 1873 1230 1901 meos
1249 1857 1393 1921 laffa4

87 1928 132 1973 vi
149 1957 164 1979 ,
198 1941 244 1971 ut
280 1927 387 1970 milu'
420 1927 582 1986 gratias
612 1942 745 1988 ageret
772 1926 999 1986 respublica
1020 1962 1031 1981 ,
1064 1924 1108 1973 6¹
1134 1930 1387 1990 conscientia

90 2016 195 2044 mea.
223 2004 287 2043 At
313 2013 358 2043 tu
379 2001 482 2058 plus
497 1997 648 2063 ficssi.
673 2016 752 2060 ago
773 2017 863 2064 ergo
894 2003 1056 2061 gratias
1077 2002 1255 2048 bonitati
1281 2019 1389 2062 tuae,

91 2069 136 2117 C}
155 2074 315 2131 accipio
341 2072 632 2132 Consulatum,
654 2090 770 2133 quem
786 2076 879 2119 das.
897 2073 1180 2133 Diifaciant,
1202 2075 1244 2122 6⁴
1263 2079 1390 2124 Deus

92 2160 222 2191 certus
247 2149 349 2199 Sol,
370 2161 415 2190 ut
437 2143 481 2191 δ’
504 2150 684 2191 Senatus
707 2149 755 2191 de
773 2165 836 2192 me
850 2146 918 2211 fic
931 2147 1107 2203 judicet.
1125 2148 1392 2209 ‘Agentibus

92 2215 228 2279 igitur
247 2216 406 2278 gratias
431 2217 641 2263 omnibus
665 2218 1079 2278 circumstantibus,
1102 2219 1265 2282 Ulpius
1283 2221 1393 2268 Cri-

95 2289 217 2336 nitus
245 2290 462 2346 surrexit‚
489 2301 623 2352 atque
655 2291 739 2338 hac
767 2291 979 2338 oratione
1007 2291 1109 2338 usus
1140 2293 1225 2340 est:
1254 2297 1393 2355 Apud

95 2364 275 2422 majores
305 2365 462 2429 nostros
482 2398 494 2420 ,
529 2368 749 2411 Valeriane
776 2369 985 2435 Auguste,
1009 2370 1120 2427 quod
1146 2364 1188 2414 δ’
1206 2367 1393 2427 familia

96 2454 192 2483 meae
218 2438 399 2482 amicum
423 2452 473 2482 ac
493 2438 712 2498 proprium
728 2437 825 2497 fuit
840 2473 855 2495 ,
886 2441 939 2484 ab
976 2442 1147 2499 optimis
1172 2442 1392 2504 quibusque

1003 2513 1041 2558 L
1075 2529 1101 2559 2
