<?xml version="1.0" encoding="UTF-8"?>
<!DOCTYPE html PUBLIC "-//W3C//DTD XHTML 1.0 Transitional//EN"
    "http://www.w3.org/TR/xhtml1/DTD/xhtml1-transitional.dtd">
<html xmlns="http://www.w3.org/1999/xhtml" xml:lang="en" lang="en">
 <head>
  <title>
</title>
<meta http-equiv="Content-Type" content="text/html;charset=utf-8" />
  <meta name='ocr-system' content='tesseract 3.04.00' />
  <meta name='ocr-capabilities' content='ocr_page ocr_carea ocr_par ocr_line ocrx_word'/>
</head>
<body>
  <div class='ocr_page' id='page_1' title='image "./historiaeaugusta00bipouoft_0645.png"; bbox 0 0 1637 2785; ppageno 0'>
   <div class='ocr_carea' id='block_1_1' title="bbox 440 153 1370 219">
    <p class='ocr_par' dir='ltr' id='par_1_1' title="bbox 440 153 1370 219">
     <span class='ocr_line' id='line_1_1' title="bbox 440 153 1370 219; baseline 0.001 -19"><span class='ocrx_word' id='word_1_1' title='bbox 440 153 1002 207; x_wconf 69' lang='lat' dir='ltr'><strong>FLRMUS.</strong></span> <span class='ocrx_word' id='word_1_2' title='bbox 1277 167 1370 219; x_wconf 70' lang='lat'>233</span> 
     </span>
    </p>
   </div>
   <div class='ocr_carea' id='block_1_2' title="bbox 81 258 1378 2444">
    <p class='ocr_par' dir='ltr' id='par_1_2' title="bbox 81 258 1378 2444">
     <span class='ocr_line' id='line_1_2' title="bbox 87 258 1376 323; baseline 0 -16"><span class='ocrx_word' id='word_1_3' title='bbox 87 272 158 316; x_wconf 68' lang='lat' dir='ltr'>ta,</span> <span class='ocrx_word' id='word_1_4' title='bbox 186 259 315 307; x_wconf 87' lang='lat' dir='ltr'>vultu</span> <span class='ocrx_word' id='word_1_5' title='bbox 348 259 577 323; x_wconf 75' lang='lat' dir='ltr'>nigriore,</span> <span class='ocrx_word' id='word_1_6' title='bbox 610 260 780 322; x_wconf 84' lang='lat' dir='ltr'>reliqua</span> <span class='ocrx_word' id='word_1_7' title='bbox 822 273 946 322; x_wconf 81' lang='lat' dir='ltr'>parte</span> <span class='ocrx_word' id='word_1_8' title='bbox 975 258 1182 323; x_wconf 85' lang='lat' dir='ltr'>corporis</span> <span class='ocrx_word' id='word_1_9' title='bbox 1216 259 1376 307; x_wconf 73' lang='lat' dir='ltr'>candi-⁶</span> 
     </span>
     <span class='ocr_line' id='line_1_3' title="bbox 87 332 1377 396; baseline 0.001 -17"><span class='ocrx_word' id='word_1_10' title='bbox 87 333 195 390; x_wconf 87' lang='lat' dir='ltr'>dus,</span> <span class='ocrx_word' id='word_1_11' title='bbox 224 332 293 378; x_wconf 90' lang='lat' dir='ltr'>sed</span> <span class='ocrx_word' id='word_1_12' title='bbox 325 332 487 393; x_wconf 83' lang='lat' dir='ltr'>pilosus</span> <span class='ocrx_word' id='word_1_13' title='bbox 518 344 650 393; x_wconf 86' lang='lat' dir='ltr'>atque</span> <span class='ocrx_word' id='word_1_14' title='bbox 684 332 905 393; x_wconf 80' lang='lat' dir='ltr'>hispidus,</span> <span class='ocrx_word' id='word_1_15' title='bbox 932 332 993 379; x_wconf 75' lang='lat' dir='ltr'>ita</span> <span class='ocrx_word' id='word_1_16' title='bbox 1027 348 1075 380; x_wconf 93' lang='lat' dir='ltr'>ut</span> <span class='ocrx_word' id='word_1_17' title='bbox 1109 349 1208 379; x_wconf 90' lang='lat' dir='ltr'>eum</span> <span class='ocrx_word' id='word_1_18' title='bbox 1239 332 1377 396; x_wconf 89' lang='lat' dir='ltr'>pleri-</span> 
     </span>
     <span class='ocr_line' id='line_1_4' title="bbox 86 404 1375 467; baseline 0.002 -17"><span class='ocrx_word' id='word_1_19' title='bbox 86 422 173 467; x_wconf 88' lang='lat' dir='ltr'>que</span> <span class='ocrx_word' id='word_1_20' title='bbox 203 407 418 466; x_wconf 82' lang='lat' dir='ltr'><em>Cyclopem</em></span> <span class='ocrx_word' id='word_1_21' title='bbox 449 418 682 450; x_wconf 85' lang='lat' dir='ltr'>vocarent.</span> <span class='ocrx_word' id='word_1_22' title='bbox 717 405 862 450; x_wconf 88' lang='lat' dir='ltr'>Carne</span> <span class='ocrx_word' id='word_1_23' title='bbox 893 405 1032 451; x_wconf 87' lang='lat' dir='ltr'>multa</span> <span class='ocrx_word' id='word_1_24' title='bbox 1069 404 1335 452; x_wconf 82' lang='lat' dir='ltr'>vescebatur</span> <span class='ocrx_word' id='word_1_25' title='bbox 1354 440 1375 464; x_wconf 85' lang='lat'><strong><em>,</em></strong></span> 
     </span>
     <span class='ocr_line' id='line_1_5' title="bbox 86 474 1375 525; baseline 0.002 -2"><span class='ocrx_word' id='word_1_26' title='bbox 86 477 382 523; x_wconf 86' lang='lat' dir='ltr'>struthionem</span> <span class='ocrx_word' id='word_1_27' title='bbox 420 476 473 522; x_wconf 92' lang='lat' dir='ltr'>ad</span> <span class='ocrx_word' id='word_1_28' title='bbox 508 476 622 522; x_wconf 87' lang='lat' dir='ltr'>diem</span> <span class='ocrx_word' id='word_1_29' title='bbox 666 474 905 521; x_wconf 77' lang='lat' dir='ltr'>comedisse</span> <span class='ocrx_word' id='word_1_30' title='bbox 940 474 1093 522; x_wconf 86' lang='lat' dir='ltr'>fertur.</span> <span class='ocrx_word' id='word_1_31' title='bbox 1129 477 1234 523; x_wconf 81' lang='lat' dir='ltr'>Vini</span> <span class='ocrx_word' id='word_1_32' title='bbox 1277 492 1375 525; x_wconf 83' lang='lat' dir='ltr'>non</span> 
     </span>
     <span class='ocr_line' id='line_1_6' title="bbox 87 548 1374 612; baseline 0 -16"><span class='ocrx_word' id='word_1_33' title='bbox 87 551 274 596; x_wconf 87' lang='lat' dir='ltr'>multum</span> <span class='ocrx_word' id='word_1_34' title='bbox 297 550 438 605; x_wconf 86' lang='lat' dir='ltr'>bibit,</span> <span class='ocrx_word' id='word_1_35' title='bbox 458 566 583 612; x_wconf 83' lang='lat' dir='ltr'>aquae</span> <span class='ocrx_word' id='word_1_36' title='bbox 612 548 852 612; x_wconf 82' lang='lat' dir='ltr'>plurimum</span> <span class='ocrx_word' id='word_1_37' title='bbox 869 584 881 604; x_wconf 92' lang='lat'>‚</span> <span class='ocrx_word' id='word_1_38' title='bbox 909 562 1057 596; x_wconf 86' lang='lat' dir='ltr'>mente</span> <span class='ocrx_word' id='word_1_39' title='bbox 1076 548 1374 610; x_wconf 85' lang='lat' dir='ltr'>firmiffimus,</span> 
     </span>
     <span class='ocr_line' id='line_1_7' title="bbox 87 623 1375 682; baseline 0.002 -11"><span class='ocrx_word' id='word_1_40' title='bbox 87 626 239 672; x_wconf 87' lang='lat' dir='ltr'>nervis</span> <span class='ocrx_word' id='word_1_41' title='bbox 265 625 586 672; x_wconf 81' lang='lat' dir='ltr'>robustiffimus</span> <span class='ocrx_word' id='word_1_42' title='bbox 602 660 613 681; x_wconf 90' lang='lat'>‚</span> <span class='ocrx_word' id='word_1_43' title='bbox 635 625 693 672; x_wconf 88' lang='lat' dir='ltr'>ita</span> <span class='ocrx_word' id='word_1_44' title='bbox 714 639 762 670; x_wconf 91' lang='lat' dir='ltr'>ut</span> <span class='ocrx_word' id='word_1_45' title='bbox 784 624 1023 670; x_wconf 82' lang='lat' dir='ltr'>Tritanum</span> <span class='ocrx_word' id='word_1_46' title='bbox 1047 623 1273 682; x_wconf 88' lang='lat' dir='ltr'>vinceret,</span> <span class='ocrx_word' id='word_1_47' title='bbox 1296 642 1375 673; x_wconf 88' lang='lat' dir='ltr'>cu-</span> 
     </span>
     <span class='ocr_line' id='line_1_8' title="bbox 85 695 1376 758; baseline 0.001 -15"><span class='ocrx_word' id='word_1_48' title='bbox 85 695 154 758; x_wconf 82' lang='lat' dir='ltr'>jus</span> <span class='ocrx_word' id='word_1_49' title='bbox 186 700 332 744; x_wconf 77' lang='lat' dir='ltr'>Varro</span> <span class='ocrx_word' id='word_1_50' title='bbox 367 697 582 743; x_wconf 81' lang='lat' dir='ltr'>meminit.</span> <span class='ocrx_word' id='word_1_51' title='bbox 617 713 717 743; x_wconf 89' lang='lat' dir='ltr'>nam</span> <span class='ocrx_word' id='word_1_52' title='bbox 750 695 1029 744; x_wconf 86' lang='lat' dir='ltr'>&amp;incudem</span> <span class='ocrx_word' id='word_1_53' title='bbox 1050 695 1376 758; x_wconf 71' lang='lat' dir='ltr'>superpositam</span> 
     </span>
     <span class='ocr_line' id='line_1_9' title="bbox 86 769 1375 832; baseline 0.001 -17"><span class='ocrx_word' id='word_1_54' title='bbox 86 771 253 832; x_wconf 56' lang='lat' dir='ltr'>pediori</span> <span class='ocrx_word' id='word_1_55' title='bbox 277 771 529 818; x_wconf 73' lang='lat' dir='ltr'>constanter</span> <span class='ocrx_word' id='word_1_56' title='bbox 545 802 559 825; x_wconf 94' lang='lat'>‚</span> <span class='ocrx_word' id='word_1_57' title='bbox 577 770 670 817; x_wconf 84' lang='lat' dir='ltr'>aliis</span> <span class='ocrx_word' id='word_1_58' title='bbox 699 769 1014 826; x_wconf 82' lang='lat' dir='ltr'>tundentibus,</span> <span class='ocrx_word' id='word_1_59' title='bbox 1039 769 1217 830; x_wconf 85' lang='lat' dir='ltr'>pertulit</span> <span class='ocrx_word' id='word_1_60' title='bbox 1233 803 1246 826; x_wconf 93' lang='lat'>‚</span> <span class='ocrx_word' id='word_1_61' title='bbox 1267 785 1375 816; x_wconf 88' lang='lat' dir='ltr'>cum</span> 
     </span>
     <span class='ocr_line' id='line_1_10' title="bbox 91 843 1377 908; baseline 0.002 -18"><span class='ocrx_word' id='word_1_62' title='bbox 91 844 182 906; x_wconf 70' lang='lat' dir='ltr'>ipse</span> <span class='ocrx_word' id='word_1_63' title='bbox 220 847 411 893; x_wconf 88' lang='lat' dir='ltr'>reclinus</span> <span class='ocrx_word' id='word_1_64' title='bbox 446 863 497 893; x_wconf 86' lang='lat' dir='ltr'>ac</span> <span class='ocrx_word' id='word_1_65' title='bbox 537 845 768 908; x_wconf 87' lang='lat' dir='ltr'>resupinus</span> <span class='ocrx_word' id='word_1_66' title='bbox 804 846 852 892; x_wconf 70' lang='grc' dir='ltr'>δε</span> <span class='ocrx_word' id='word_1_67' title='bbox 879 857 1092 891; x_wconf 85' lang='lat' dir='ltr'>curvatus</span> <span class='ocrx_word' id='word_1_68' title='bbox 1131 843 1176 889; x_wconf 91' lang='lat' dir='ltr'>in</span> <span class='ocrx_word' id='word_1_69' title='bbox 1215 860 1377 892; x_wconf 82' lang='lat' dir='ltr'>manus</span> 
     </span>
     <span class='ocr_line' id='line_1_11' title="bbox 89 917 1378 982; baseline 0 -18"><span class='ocrx_word' id='word_1_70' title='bbox 89 919 299 979; x_wconf 80' lang='lat' dir='ltr'>penderet</span> <span class='ocrx_word' id='word_1_71' title='bbox 327 919 477 981; x_wconf 81' lang='lat' dir='ltr'>potius</span> <span class='ocrx_word' id='word_1_72' title='bbox 498 955 510 975; x_wconf 93' lang='lat'>‚</span> <span class='ocrx_word' id='word_1_73' title='bbox 539 936 670 982; x_wconf 88' lang='lat' dir='ltr'>quam</span> <span class='ocrx_word' id='word_1_74' title='bbox 692 918 869 981; x_wconf 85' lang='lat' dir='ltr'>jaceret.</span> <span class='ocrx_word' id='word_1_75' title='bbox 899 919 996 965; x_wconf 80' lang='lat' dir='ltr'>Fuit</span> <span class='ocrx_word' id='word_1_76' title='bbox 1017 933 1164 964; x_wconf 84' lang='lat' dir='ltr'>tamen</span> <span class='ocrx_word' id='word_1_77' title='bbox 1195 917 1233 964; x_wconf 89' lang='lat' dir='ltr'>ei</span> <span class='ocrx_word' id='word_1_78' title='bbox 1260 934 1378 965; x_wconf 88' lang='lat' dir='ltr'>con-</span> 
     </span>
     <span class='ocr_line' id='line_1_12' title="bbox 87 989 1375 1045; baseline 0.002 -11"><span class='ocrx_word' id='word_1_79' title='bbox 87 990 233 1036; x_wconf 76' lang='lat' dir='ltr'>tentio</span> <span class='ocrx_word' id='word_1_80' title='bbox 276 1007 377 1037; x_wconf 88' lang='lat' dir='ltr'>cum</span> <span class='ocrx_word' id='word_1_81' title='bbox 423 992 650 1039; x_wconf 84' lang='lat' dir='ltr'>Aureliani</span> <span class='ocrx_word' id='word_1_82' title='bbox 687 992 879 1038; x_wconf 73' lang='lat' dir='ltr'>ducibus</span> <span class='ocrx_word' id='word_1_83' title='bbox 921 992 978 1038; x_wconf 86' lang='lat' dir='ltr'>ad</span> <span class='ocrx_word' id='word_1_84' title='bbox 1018 991 1296 1045; x_wconf 78' lang='lat' dir='ltr'>bibendum,</span> <span class='ocrx_word' id='word_1_85' title='bbox 1340 989 1375 1036; x_wconf 82' lang='lat' dir='ltr'>fi</span> 
     </span>
     <span class='ocr_line' id='line_1_13' title="bbox 87 1062 1376 1126; baseline 0.002 -20"><span class='ocrx_word' id='word_1_86' title='bbox 87 1064 268 1124; x_wconf 88' lang='lat' dir='ltr'>quando</span> <span class='ocrx_word' id='word_1_87' title='bbox 291 1079 390 1109; x_wconf 90' lang='lat' dir='ltr'>eum</span> <span class='ocrx_word' id='word_1_88' title='bbox 423 1076 594 1110; x_wconf 82' lang='lat' dir='ltr'>tentare</span> <span class='ocrx_word' id='word_1_89' title='bbox 621 1064 845 1111; x_wconf 79' lang='lat' dir='ltr'>voluiffer.</span> <span class='ocrx_word' id='word_1_90' title='bbox 868 1081 966 1110; x_wconf 83' lang='lat' dir='ltr'>nam</span> <span class='ocrx_word' id='word_1_91' title='bbox 1003 1064 1180 1126; x_wconf 85' lang='lat' dir='ltr'>quidam</span> <span class='ocrx_word' id='word_1_92' title='bbox 1202 1062 1376 1108; x_wconf 87' lang='lat' dir='ltr'>Burbu-</span> 
     </span>
     <span class='ocr_line' id='line_1_14' title="bbox 86 1136 1374 1194; baseline 0.001 -12"><span class='ocrx_word' id='word_1_93' title='bbox 86 1153 162 1183; x_wconf 72' lang='lat' dir='ltr'>rus</span> <span class='ocrx_word' id='word_1_94' title='bbox 193 1137 376 1182; x_wconf 91' lang='lat' dir='ltr'>nomine</span> <span class='ocrx_word' id='word_1_95' title='bbox 393 1173 406 1194; x_wconf 93' lang='lat'><strong>‚</strong></span> <span class='ocrx_word' id='word_1_96' title='bbox 429 1138 481 1183; x_wconf 91' lang='lat' dir='ltr'>de</span> <span class='ocrx_word' id='word_1_97' title='bbox 510 1154 699 1184; x_wconf 89' lang='lat' dir='ltr'>numero</span> <span class='ocrx_word' id='word_1_98' title='bbox 734 1138 1069 1184; x_wconf 80' lang='lat' dir='ltr'>vexillariorum</span> <span class='ocrx_word' id='word_1_99' title='bbox 1089 1172 1100 1191; x_wconf 89' lang='lat'>‚</span> <span class='ocrx_word' id='word_1_100' title='bbox 1122 1136 1374 1183; x_wconf 70' lang='lat' dir='ltr'>notissimus</span> 
     </span>
     <span class='ocr_line' id='line_1_15' title="bbox 86 1210 1373 1274; baseline 0 -18"><span class='ocrx_word' id='word_1_101' title='bbox 86 1225 269 1271; x_wconf 85' lang='lat' dir='ltr'>potator</span> <span class='ocrx_word' id='word_1_102' title='bbox 290 1246 303 1265; x_wconf 95' lang='lat'><strong>‚</strong></span> <span class='ocrx_word' id='word_1_103' title='bbox 334 1227 437 1257; x_wconf 84' lang='lat' dir='ltr'>curn</span> <span class='ocrx_word' id='word_1_104' title='bbox 471 1213 526 1257; x_wconf 88' lang='lat' dir='ltr'>ad</span> <span class='ocrx_word' id='word_1_105' title='bbox 555 1212 796 1258; x_wconf 87' lang='lat' dir='ltr'>bibendum</span> <span class='ocrx_word' id='word_1_106' title='bbox 829 1213 1016 1259; x_wconf 82' lang='lat' dir='ltr'>eundem</span> <span class='ocrx_word' id='word_1_107' title='bbox 1053 1210 1373 1274; x_wconf 80' lang='lat' dir='ltr'>provocasset,</span> 
     </span>
     <span class='ocr_line' id='line_1_16' title="bbox 85 1281 1376 1345; baseline 0 -17"><span class='ocrx_word' id='word_1_108' title='bbox 85 1281 232 1329; x_wconf 85' lang='lat' dir='ltr'>fitulas</span> <span class='ocrx_word' id='word_1_109' title='bbox 262 1284 368 1329; x_wconf 85' lang='lat' dir='ltr'>duas</span> <span class='ocrx_word' id='word_1_110' title='bbox 397 1283 546 1345; x_wconf 83' lang='lat' dir='ltr'>plenas</span> <span class='ocrx_word' id='word_1_111' title='bbox 569 1300 694 1329; x_wconf 86' lang='lat' dir='ltr'>mero</span> <span class='ocrx_word' id='word_1_112' title='bbox 716 1284 862 1336; x_wconf 81' lang='lat' dir='ltr'>duxit,</span> <span class='ocrx_word' id='word_1_113' title='bbox 884 1287 930 1331; x_wconf 67' lang='grc' dir='ltr'>ὅ(</span> <span class='ocrx_word' id='word_1_114' title='bbox 957 1299 1060 1331; x_wconf 84' lang='lat' dir='ltr'>toto</span> <span class='ocrx_word' id='word_1_115' title='bbox 1087 1285 1236 1345; x_wconf 77' lang='lat' dir='ltr'>postea</span> <span class='ocrx_word' id='word_1_116' title='bbox 1257 1299 1376 1329; x_wconf 90' lang='lat' dir='ltr'>con·</span> 
     </span>
     <span class='ocr_line' id='line_1_17' title="bbox 89 1354 1375 1406; baseline 0.001 -7"><span class='ocrx_word' id='word_1_117' title='bbox 89 1354 224 1400; x_wconf 89' lang='lat' dir='ltr'>vivio</span> <span class='ocrx_word' id='word_1_118' title='bbox 262 1355 434 1402; x_wconf 88' lang='lat' dir='ltr'>sobrius</span> <span class='ocrx_word' id='word_1_119' title='bbox 471 1354 581 1401; x_wconf 84' lang='lat' dir='ltr'>fuit:</span> <span class='ocrx_word' id='word_1_120' title='bbox 614 1356 663 1402; x_wconf 86' lang='lat'>&amp;</span> <span class='ocrx_word' id='word_1_121' title='bbox 696 1373 799 1402; x_wconf 90' lang='lat' dir='ltr'>cum</span> <span class='ocrx_word' id='word_1_122' title='bbox 832 1356 872 1402; x_wconf 88' lang='lat' dir='ltr'>ei</span> <span class='ocrx_word' id='word_1_123' title='bbox 908 1357 1138 1403; x_wconf 84' lang='lat' dir='ltr'>Burburus</span> <span class='ocrx_word' id='word_1_124' title='bbox 1175 1355 1375 1406; x_wconf 78' lang='lat' dir='ltr'>diceret,</span> 
     </span>
     <span class='ocr_line' id='line_1_18' title="bbox 93 1429 1377 1496; baseline 0.001 -23"><span class='ocrx_word' id='word_1_125' title='bbox 93 1429 236 1489; x_wconf 83' lang='lat' dir='ltr'>Quare</span> <span class='ocrx_word' id='word_1_126' title='bbox 256 1449 341 1475; x_wconf 85' lang='lat' dir='ltr'>non</span> <span class='ocrx_word' id='word_1_127' title='bbox 352 1431 477 1489; x_wconf 76' lang='lat' dir='ltr'>faeces</span> <span class='ocrx_word' id='word_1_128' title='bbox 512 1432 645 1496; x_wconf 77' lang='lat' dir='ltr'>bibisti</span> <span class='ocrx_word' id='word_1_129' title='bbox 659 1433 684 1477; x_wconf 61' lang='grc' dir='ltr'><strong><em>ἓ</em></strong></span> <span class='ocrx_word' id='word_1_130' title='bbox 699 1430 929 1493; x_wconf 85' lang='lat' dir='ltr'>respondit</span> <span class='ocrx_word' id='word_1_131' title='bbox 961 1431 1062 1489; x_wconf 85' lang='lat' dir='ltr'>ille,</span> <span class='ocrx_word' id='word_1_132' title='bbox 1083 1435 1241 1487; x_wconf 83' lang='lat' dir='ltr'>Stulte,</span> <span class='ocrx_word' id='word_1_133' title='bbox 1268 1446 1377 1476; x_wconf 77' lang='lat' dir='ltr'>terra</span> 
     </span>
     <span class='ocr_line' id='line_1_19' title="bbox 87 1501 1374 1568; baseline 0.002 -21"><span class='ocrx_word' id='word_1_134' title='bbox 87 1520 171 1547; x_wconf 77' lang='lat' dir='ltr'>non</span> <span class='ocrx_word' id='word_1_135' title='bbox 212 1505 375 1551; x_wconf 74' lang='lat' dir='ltr'>bibitur.</span> <span class='ocrx_word' id='word_1_136' title='bbox 411 1505 554 1554; x_wconf 82' lang='lat' dir='ltr'>Levia</span> <span class='ocrx_word' id='word_1_137' title='bbox 583 1504 919 1568; x_wconf 85' lang='lat' dir='ltr'>persequimur,</span> <span class='ocrx_word' id='word_1_138' title='bbox 951 1521 1053 1552; x_wconf 89' lang='lat' dir='ltr'>cum</span> <span class='ocrx_word' id='word_1_139' title='bbox 1098 1503 1270 1565; x_wconf 87' lang='lat' dir='ltr'>majora</span> <span class='ocrx_word' id='word_1_140' title='bbox 1305 1501 1374 1550; x_wconf 89' lang='lat' dir='ltr'>di-</span> 
     </span>
     <span class='ocr_line' id='line_1_20' title="bbox 88 1575 1336 1624; baseline 0.001 -3"><span class='ocrx_word' id='word_1_141' title='bbox 88 1575 228 1621; x_wconf 88' lang='lat' dir='ltr'>cenda</span> <span class='ocrx_word' id='word_1_142' title='bbox 254 1576 350 1624; x_wconf 72' lang='lat' dir='ltr'>sint.</span> <span class='ocrx_word' id='word_1_143' title='bbox 1328 1618 1336 1622; x_wconf 77' lang='grc'><strong><em>,</em></strong></span> 
     </span>
     <span class='ocr_line' id='line_1_21' title="bbox 153 1649 1372 1714; baseline 0.003 -20"><span class='ocrx_word' id='word_1_144' title='bbox 153 1650 210 1696; x_wconf 88' lang='lat' dir='ltr'>V.</span> <span class='ocrx_word' id='word_1_145' title='bbox 231 1649 316 1697; x_wconf 85' lang='lat' dir='ltr'>Hic</span> <span class='ocrx_word' id='word_1_146' title='bbox 341 1666 449 1714; x_wconf 87' lang='lat' dir='ltr'>ergo</span> <span class='ocrx_word' id='word_1_147' title='bbox 474 1664 633 1699; x_wconf 87' lang='lat' dir='ltr'>contra</span> <span class='ocrx_word' id='word_1_148' title='bbox 656 1651 948 1698; x_wconf 82' lang='lat' dir='ltr'>Aurelianum</span> <span class='ocrx_word' id='word_1_149' title='bbox 969 1649 1115 1697; x_wconf 78' lang='lat' dir='ltr'>sumsit</span> <span class='ocrx_word' id='word_1_150' title='bbox 1134 1650 1372 1711; x_wconf 81' lang='lat' dir='ltr'>imperium</span> 
     </span>
     <span class='ocr_line' id='line_1_22' title="bbox 88 1721 1372 1789; baseline 0.004 -21"><span class='ocrx_word' id='word_1_151' title='bbox 88 1722 144 1768; x_wconf 88' lang='lat' dir='ltr'>ad</span> <span class='ocrx_word' id='word_1_152' title='bbox 180 1721 476 1771; x_wconf 87' lang='lat' dir='ltr'>defendendas</span> <span class='ocrx_word' id='word_1_153' title='bbox 511 1740 682 1786; x_wconf 83' lang='lat' dir='ltr'>partes,</span> <span class='ocrx_word' id='word_1_154' title='bbox 711 1743 811 1789; x_wconf 84' lang='lat' dir='ltr'>quae</span> <span class='ocrx_word' id='word_1_155' title='bbox 840 1726 1097 1786; x_wconf 82' lang='lat' dir='ltr'>supererant</span> <span class='ocrx_word' id='word_1_156' title='bbox 1138 1724 1372 1774; x_wconf 84' lang='lat' dir='ltr'>Zenobiae.</span> 
     </span>
     <span class='ocr_line' id='line_1_23' title="bbox 87 1793 1369 1857; baseline 0.002 -17"><span class='ocrx_word' id='word_1_157' title='bbox 87 1793 172 1840; x_wconf 83' lang='lat' dir='ltr'>Sed</span> <span class='ocrx_word' id='word_1_158' title='bbox 214 1796 460 1843; x_wconf 83' lang='lat' dir='ltr'>Aureliano</span> <span class='ocrx_word' id='word_1_159' title='bbox 497 1797 549 1843; x_wconf 89' lang='lat' dir='ltr'>de</span> <span class='ocrx_word' id='word_1_160' title='bbox 587 1796 713 1844; x_wconf 87' lang='lat' dir='ltr'>Caris</span> <span class='ocrx_word' id='word_1_161' title='bbox 754 1797 1001 1855; x_wconf 84' lang='lat' dir='ltr'>redeunte,</span> <span class='ocrx_word' id='word_1_162' title='bbox 1031 1796 1261 1857; x_wconf 84' lang='lat' dir='ltr'>superatus</span> <span class='ocrx_word' id='word_1_163' title='bbox 1292 1795 1369 1843; x_wconf 83' lang='lat' dir='ltr'>est.</span> 
     </span>
     <span class='ocr_line' id='line_1_24' title="bbox 87 1868 1370 1933; baseline 0.002 -20"><span class='ocrx_word' id='word_1_164' title='bbox 87 1868 221 1915; x_wconf 86' lang='lat' dir='ltr'>Multi</span> <span class='ocrx_word' id='word_1_165' title='bbox 250 1868 427 1927; x_wconf 88' lang='lat' dir='ltr'>dicunt,</span> <span class='ocrx_word' id='word_1_166' title='bbox 448 1870 610 1933; x_wconf 86' lang='lat' dir='ltr'>laqueo</span> <span class='ocrx_word' id='word_1_167' title='bbox 630 1871 768 1918; x_wconf 78' lang='lat' dir='ltr'>vitam</span> <span class='ocrx_word' id='word_1_168' title='bbox 799 1887 900 1917; x_wconf 90' lang='lat' dir='ltr'>eum</span> <span class='ocrx_word' id='word_1_169' title='bbox 922 1869 1090 1917; x_wconf 83' lang='lat' dir='ltr'>finiffe:</span> <span class='ocrx_word' id='word_1_170' title='bbox 1119 1869 1241 1916; x_wconf 85' lang='lat' dir='ltr'>aliud</span> <span class='ocrx_word' id='word_1_171' title='bbox 1271 1869 1370 1916; x_wconf 84' lang='lat' dir='ltr'>edi-</span> 
     </span>
     <span class='ocr_line' id='line_1_25' title="bbox 89 1940 1370 2006; baseline 0.002 -18"><span class='ocrx_word' id='word_1_172' title='bbox 89 1940 167 1988; x_wconf 69' lang='lat' dir='ltr'>&amp;is</span> <span class='ocrx_word' id='word_1_173' title='bbox 196 1940 281 1988; x_wconf 88' lang='lat' dir='ltr'>suis</span> <span class='ocrx_word' id='word_1_174' title='bbox 309 1941 502 1989; x_wconf 87' lang='lat' dir='ltr'>ostendit</span> <span class='ocrx_word' id='word_1_175' title='bbox 526 1943 813 1991; x_wconf 67' lang='lat' dir='ltr'>Aurelianus.</span> <span class='ocrx_word' id='word_1_176' title='bbox 841 1959 1033 2006; x_wconf 88' lang='lat' dir='ltr'>namque</span> <span class='ocrx_word' id='word_1_177' title='bbox 1051 1959 1155 1990; x_wconf 91' lang='lat' dir='ltr'>cum</span> <span class='ocrx_word' id='word_1_178' title='bbox 1177 1959 1275 1988; x_wconf 91' lang='lat' dir='ltr'>eum</span> <span class='ocrx_word' id='word_1_179' title='bbox 1300 1944 1370 1990; x_wconf 86' lang='lat' dir='ltr'>vi-</span> 
     </span>
     <span class='ocr_line' id='line_1_26' title="bbox 88 2013 1370 2080; baseline 0.001 -20"><span class='ocrx_word' id='word_1_180' title='bbox 88 2013 235 2070; x_wconf 80' lang='lat' dir='ltr'>ciffet,</span> <span class='ocrx_word' id='word_1_181' title='bbox 257 2014 342 2060; x_wconf 85' lang='lat' dir='ltr'>tale</span> <span class='ocrx_word' id='word_1_182' title='bbox 369 2015 557 2063; x_wconf 66' lang='lat' dir='ltr'>edi&amp;um</span> <span class='ocrx_word' id='word_1_183' title='bbox 579 2018 739 2064; x_wconf 80' lang='lat' dir='ltr'>Romae</span> <span class='ocrx_word' id='word_1_184' title='bbox 759 2018 957 2080; x_wconf 84' lang='lat' dir='ltr'>proponi</span> <span class='ocrx_word' id='word_1_185' title='bbox 987 2015 1118 2078; x_wconf 89' lang='lat' dir='ltr'>juffit.</span> <span class='ocrx_word' id='word_1_186' title='bbox 1141 2018 1370 2077; x_wconf 86' lang='lat' dir='ltr'>Amantis-</span> 
     </span>
     <span class='ocr_line' id='line_1_27' title="bbox 81 2087 1369 2154; baseline 0.002 -23"><span class='ocrx_word' id='word_1_187' title='bbox 81 2087 192 2151; x_wconf 88' lang='lat' dir='ltr'>fimo</span> <span class='ocrx_word' id='word_1_188' title='bbox 208 2087 284 2145; x_wconf 87' lang='lat' dir='ltr'>sui</span> <span class='ocrx_word' id='word_1_189' title='bbox 304 2094 460 2148; x_wconf 81' lang='lat' dir='ltr'>populo</span> <span class='ocrx_word' id='word_1_190' title='bbox 491 2091 691 2137; x_wconf 80' lang='lat' dir='ltr'>Romano</span> <span class='ocrx_word' id='word_1_191' title='bbox 724 2093 982 2138; x_wconf 83' lang='lat' dir='ltr'>Aurelianus</span> <span class='ocrx_word' id='word_1_192' title='bbox 1008 2090 1221 2154; x_wconf 77' lang='lat' dir='ltr'>Augustus</span> <span class='ocrx_word' id='word_1_193' title='bbox 1240 2090 1369 2150; x_wconf 85' lang='lat' dir='ltr'>salu-</span> 
     </span>
     <span class='ocr_line' id='line_1_28' title="bbox 91 2161 1369 2224; baseline 0 -19"><span class='ocrx_word' id='word_1_194' title='bbox 91 2176 168 2205; x_wconf 85' lang='lat' dir='ltr'>tem</span> <span class='ocrx_word' id='word_1_195' title='bbox 187 2161 299 2205; x_wconf 79' lang='lat' dir='ltr'>dicit.</span> <span class='ocrx_word' id='word_1_196' title='bbox 318 2162 478 2206; x_wconf 79' lang='lat' dir='ltr'>Pacato</span> <span class='ocrx_word' id='word_1_197' title='bbox 497 2164 675 2223; x_wconf 83' lang='lat' dir='ltr'>undique</span> <span class='ocrx_word' id='word_1_198' title='bbox 688 2163 874 2224; x_wconf 79' lang='lat' dir='ltr'>gentium</span> <span class='ocrx_word' id='word_1_199' title='bbox 897 2178 983 2207; x_wconf 74' lang='lat' dir='ltr'>toto</span> <span class='ocrx_word' id='word_1_200' title='bbox 998 2196 1010 2218; x_wconf 91' lang='lat'>,</span> <span class='ocrx_word' id='word_1_201' title='bbox 1035 2180 1115 2221; x_wconf 88' lang='lat' dir='ltr'>qua</span> <span class='ocrx_word' id='word_1_202' title='bbox 1125 2176 1256 2221; x_wconf 81' lang='lat' dir='ltr'>patet,</span> <span class='ocrx_word' id='word_1_203' title='bbox 1277 2163 1369 2212; x_wconf 64' lang='lat' dir='ltr'>orbe</span> 
     </span>
     <span class='ocr_line' id='line_1_29' title="bbox 90 2235 1369 2297; baseline 0.002 -20"><span class='ocrx_word' id='word_1_204' title='bbox 90 2249 283 2278; x_wconf 77' lang='lat' dir='ltr'>terrarum</span> <span class='ocrx_word' id='word_1_205' title='bbox 304 2263 318 2287; x_wconf 84' lang='lat'>‚</span> <span class='ocrx_word' id='word_1_206' title='bbox 350 2235 536 2280; x_wconf 79' lang='lat' dir='ltr'>Firmum</span> <span class='ocrx_word' id='word_1_207' title='bbox 564 2239 688 2281; x_wconf 80' lang='lat' dir='ltr'>etiam</span> <span class='ocrx_word' id='word_1_208' title='bbox 721 2241 919 2282; x_wconf 82' lang='lat' dir='ltr'>latronem</span> <span class='ocrx_word' id='word_1_209' title='bbox 952 2238 1241 2297; x_wconf 61' lang='lat' dir='ltr'>AEgypdum,</span> <span class='ocrx_word' id='word_1_210' title='bbox 1273 2237 1369 2281; x_wconf 82' lang='lat' dir='ltr'>bar-</span> 
     </span>
     <span class='ocr_line' id='line_1_30' title="bbox 91 2307 1367 2374; baseline 0.004 -24"><span class='ocrx_word' id='word_1_211' title='bbox 91 2307 242 2351; x_wconf 67' lang='lat' dir='ltr'>baricis</span> <span class='ocrx_word' id='word_1_212' title='bbox 273 2309 450 2352; x_wconf 85' lang='lat' dir='ltr'>motibus</span> <span class='ocrx_word' id='word_1_213' title='bbox 483 2309 710 2374; x_wconf 76' lang='lat' dir='ltr'>aestuantem</span> <span class='ocrx_word' id='word_1_214' title='bbox 730 2345 743 2366; x_wconf 92' lang='lat'>,</span> <span class='ocrx_word' id='word_1_215' title='bbox 777 2308 1012 2368; x_wconf 70' lang='lat' dir='ltr'>&amp;feminei</span> <span class='ocrx_word' id='word_1_216' title='bbox 1043 2310 1241 2370; x_wconf 82' lang='lat' dir='ltr'>propudii</span> <span class='ocrx_word' id='word_1_217' title='bbox 1271 2311 1367 2355; x_wconf 76' lang='lat' dir='ltr'>reli-</span> 
     </span>
     <span class='ocr_line' id='line_1_31' title="bbox 91 2381 1365 2444; baseline 0.005 -23"><span class='ocrx_word' id='word_1_218' title='bbox 91 2381 211 2438; x_wconf 76' lang='lat' dir='ltr'>quias</span> <span class='ocrx_word' id='word_1_219' title='bbox 241 2381 490 2440; x_wconf 73' lang='lat' dir='ltr'>colligentem</span> <span class='ocrx_word' id='word_1_220' title='bbox 510 2415 524 2438; x_wconf 85' lang='lat'><strong>,</strong></span> <span class='ocrx_word' id='word_1_221' title='bbox 552 2400 600 2427; x_wconf 82' lang='lat' dir='ltr'>ne</span> <span class='ocrx_word' id='word_1_222' title='bbox 621 2385 847 2443; x_wconf 86' lang='lat' dir='ltr'>plurimum</span> <span class='ocrx_word' id='word_1_223' title='bbox 880 2387 1053 2444; x_wconf 86' lang='lat' dir='ltr'>loquar,</span> <span class='ocrx_word' id='word_1_224' title='bbox 1080 2382 1324 2443; x_wconf 77' lang='lat' dir='ltr'>fugavimus</span> <span class='ocrx_word' id='word_1_225' title='bbox 1347 2416 1365 2442; x_wconf 89' lang='lat'><strong>,</strong></span> 
     </span>
    </p>
   </div>
   <div class='ocr_carea' id='block_1_3' title="bbox 93 2452 1365 2584">
    <p class='ocr_par' dir='ltr' id='par_1_3' title="bbox 93 2452 1365 2584">
     <span class='ocr_line' id='line_1_32' title="bbox 93 2452 1365 2521; baseline 0.002 -23"><span class='ocrx_word' id='word_1_226' title='bbox 93 2452 320 2513; x_wconf 80' lang='lat' dir='ltr'>obfidimus</span> <span class='ocrx_word' id='word_1_227' title='bbox 337 2487 354 2515; x_wconf 87' lang='lat'>‚</span> <span class='ocrx_word' id='word_1_228' title='bbox 380 2455 678 2516; x_wconf 67' lang='lat' dir='ltr'>cruciavimus,</span> <span class='ocrx_word' id='word_1_229' title='bbox 707 2453 750 2504; x_wconf 63' lang='grc' dir='ltr'>ἃ</span> <span class='ocrx_word' id='word_1_230' title='bbox 776 2458 1015 2504; x_wconf 75' lang='lat' dir='ltr'>occidimus.</span> <span class='ocrx_word' id='word_1_231' title='bbox 1035 2456 1167 2499; x_wconf 80' lang='lat' dir='ltr'>Nilzil</span> <span class='ocrx_word' id='word_1_232' title='bbox 1179 2455 1257 2521; x_wconf 85' lang='lat' dir='ltr'>est,</span> <span class='ocrx_word' id='word_1_233' title='bbox 1273 2455 1365 2509; x_wconf 54' lang='lat' dir='ltr'>Rae</span> 
     </span>
     <span class='ocr_line' id='line_1_33' title="bbox 1016 2525 1113 2584; baseline 0.01 -1"><span class='ocrx_word' id='word_1_234' title='bbox 1016 2525 1046 2570; x_wconf 87' lang='lat' dir='ltr'>P</span> <span class='ocrx_word' id='word_1_235' title='bbox 1083 2545 1113 2584; x_wconf 85' lang='lat'>4</span> 
     </span>
    </p>
   </div>
  </div>
 </body>
</html>
