1637 2785
200 129 627 188 COMMODUS
663 135 1118 186 ANToNiuus
1233 148 1321 203 ης

102 251 229 302 XIV.
254 254 336 299 Per
359 252 474 298 hanc
502 263 649 298 autem
680 251 995 315 negligentiam
1013 287 1026 310 ,
1048 269 1148 299 cum
1169 255 1216 301 &
1248 269 1326 299 an·

39 342 206 373 nonam
243 323 467 371 vastarent
496 323 557 381 ii,
586 323 666 386 qui
699 339 808 370 tunc
837 325 1157 387 rempublicam
1198 343 1326 390 gere-

39 399 172 455 bant,
196 396 326 443 etiam
359 396 514 458 inopia
538 396 696 460 ingens
730 397 890 442 Romae
921 410 1078 444 exorta
1108 398 1196 457 est,
1222 415 1325 446 cum

39 471 184 534 ftuges
212 486 307 516 non
333 469 550 517 deessent:
571 472 621 518 &
642 487 721 518 eos
748 471 954 534 quidem,
973 471 1052 534 qui
1073 474 1226 520 omnia
1249 491 1329 520 va·

41 547 238 603 stabant,
267 544 418 607 postea
447 546 732 593 Commodus
762 546 933 593 occidit
966 560 1098 610 atque
1130 548 1330 610 proscri-

41 621 139 684 psit.
180 618 273 682 lpse
308 636 422 667 vero
464 620 655 668 seculum
690 636 872 667 aureum
893 657 907 678 ,
940 621 1330 669 Commodianum

42 693 228 740 nomine
271 692 554 751 affimulanS,
593 692 814 741 vilitatem
855 693 1121 756 proposuit;
1151 710 1206 739 ex
1245 711 1331 758 qua

41 767 258 828 majorem
291 768 522 829 penuriam
563 767 685 815 fecit.
717 769 850 816 Multi
881 767 960 814 sub
983 785 1040 815 eo
1063 771 1112 817 ὅ(
1139 769 1332 816 alienam

43 859 228 905 poenam
244 876 258 899 ,
279 843 328 889 &
351 841 467 888 suam
490 841 671 889 salutem
692 841 877 905 pecunia
898 842 1196 889 redemerunt.
1212 843 1336 889 Ven-

45 915 157 961 didit
186 915 317 961 etiam
356 914 679 976 suppliciorum
714 915 1019 971 diversitates,
1050 919 1099 965 &
1136 917 1334 978 sepultu-

45 1005 140 1043 ηις,
172 991 221 1037 &
254 988 594 1034 imminutiones
626 988 875 1046 malorum,
906 992 954 1038 δι
979 990 1090 1036 alios
1122 1007 1208 1052 pro
1237 990 1335 1038 aliis

46 1061 226 1109 occidit.
260 1061 475 1108 Vendidit
502 1061 635 1108 etiam
674 1062 942 1123 provincias
967 1065 1018 1111 δι
1055 1063 1338 1111 administra-

45 1133 224 1189 tiones;
253 1149 355 1181 cum
386 1133 467 1191 hi,
496 1149 575 1195 per
603 1150 721 1195 quos
749 1134 991 1194 venderet,
1018 1148 1187 1197 partem
1220 1139 1336 1186 acci·

46 1221 228 1271 petent,
255 1218 426 1269 partem
442 1221 557 1252 vero
580 1207 878 1255 Commodus.
898 1208 1116 1256 Vendidit
1137 1210 1340 1257 nonnul-⁴

47 1280 102 1328 lis
131 1281 182 1327 &
208 1279 499 1326 inimicorum
530 1278 708 1324 suorum
730 1279 886 1326 caedes.
916 1281 1231 1329 Vendiderunt
1258 1286 1337 1332 sub

48 1367 107 1397 eo
126 1351 257 1396 etiam
278 1362 470 1397 eventus
491 1349 638 1396 litium
658 1350 823 1398 liberti.
842 1351 1077 1400 PraefeElos
1095 1355 1337 1403 Paternum

49 1425 98 1471 &
125 1424 370 1469 Perennem
399 1439 494 1470 non
517 1421 595 1469 diu
623 1423 753 1478 tulit;
773 1423 832 1470 ita
860 1435 1034 1485 tamen,
1060 1439 1109 1473 ut
1128 1427 1259 1474 etiam
1282 1429 1337 1476 de

49 1497 119 1545 his
147 1494 392 1559 praefectis,
418 1512 533 1559 quos
562 1495 653 1558 ipse
687 1495 881 1553 fecerat,
913 1499 1155 1548 triennium
1184 1503 1337 1550 nullus

52 1570 289 1633 impleret:
328 1584 525 1631 quorum
561 1568 783 1631 plurimos
818 1569 1042 1619 interfecit
1086 1574 1160 1619 vel
1195 1592 1340 1623 vene-

52 1660 115 1691 no
134 1679 148 1701 ,
179 1642 253 1688 vel
273 1642 436 1706 gladio.
465 1642 520 1688 Et
549 1641 783 1705 praefectos
813 1643 930 1689 Urbi
949 1645 1100 1691 eadem
1122 1643 1338 1695 facilitate

53 1727 262 1762 mutavit.

131 1789 237 1835 XV.
272 1785 589 1834 cubicularios
629 1785 734 1833 suos
771 1785 960 1834 libenter
999 1787 1202 1847 occidit,
1236 1806 1339 1840 cum

56 1861 210 1908 omnia
241 1877 292 1906 ex
322 1874 433 1906 nutu
463 1876 622 1906 eorum
654 1859 825 1921 semper
851 1859 1030 1908 feciffet.
1057 1862 1230 1910 Eleems
1261 1881 1343 1911 cu-

56 1933 298 1982 bicularius
315 1969 328 1989 ,
359 1949 461 1979 cum
488 1933 690 1991 videret,
711 1948 812 1978 eum
838 1946 925 1979 tam
953 1933 1082 1980 facile
1111 1937 1344 1983 cubicula-

60 2008 150 2057 rios
188 2005 426 2064 occidere,
455 2006 675 2068 praevenit
701 2022 801 2053 eum
824 2039 839 2063 ,
874 2009 923 2056 &
960 2006 1142 2054 factioni
1182 2013 1343 2058 mortis?

60 2081 154 2144 ejus
194 2080 412 2129 interfuit.
451 2082 679 2143 Spectator
716 2081 979 2144 gladiatoria
1009 2082 1156 2129 sumfit
1184 2101 1302 2130 arma
1326 2119 1343 2142 ,

61 2172 213 2221 panno
243 2171 473 2218 purpureo
503 2156 649 2202 nudos
678 2155 890 2202 humeros
920 2155 1146 2202 advelans.
1177 2155 1344 2203 Habuit

63 2242 275 2293 praeterea
305 2243 476 2274 morem
502 2263 516 2287 ,
553 2242 605 2274 ut
636 2243 818 2285 omnia,
852 2244 953 2291 quae
982 2240 1171 2289 turpiter
1190 2263 1205 2284 ,
1240 2244 1344 2290 quae

65 2303 266 2364 impure,
290 2315 391 2364 quae
418 2302 684 2357 crudeliter,
712 2318 814 2363 quae
844 2300 1132 2363 gladiatorie,
1158 2316 1256 2362 quae
1286 2301 1349 2347 le-

68 2376 235 2422 nonice
262 2372 452 2432 faceret,
484 2375 590 2422 actis
622 2375 760 2422 Urbis
788 2374 882 2420 indi
907 2374 1108 2435 juberet,
1136 2387 1186 2419 ut
1218 2370 1350 2423 Marii

70 2447 260 2496 Maximi
294 2447 454 2509 scripta
482 2446 708 2498 testantur.
738 2447 1085 2496 Commodianum
1105 2446 1235 2494 etiam
1265 2461 1353 2511 poe-

169 2522 340 2583 Scriptt.
370 2521 433 2567 H.
463 2524 527 2571 A.
1039 2519 1080 2563 H
