1637 2785
252 151 254 154 >
301 120 401 170 DE
434 119 889 167 SCRIPTORIBUS
923 119 988 167 H.
1024 122 1084 165 A.
1251 131 1342 163 xx}

72 229 207 279 fuerit
232 229 420 278 secutus.
444 231 548 275 Vita
580 231 715 290 Opilii
738 229 924 274 Macrini
941 229 1058 275 Julio
1089 229 1354 290 Capitolino,

73 295 290 351 Antoizini
320 306 588 350 Diadumeni
617 304 667 350 &
707 304 972 364 Heliogabali
1011 312 1022 334 ¹
1063 303 1112 348 in
1146 302 1264 350 editt.
1300 304 1351 350 &

72 375 168 422 Mff.
191 377 311 421 AElio
342 373 598 420 tribuuntur
624 376 883 435 Lampridio.
914 374 998 420 Sed
1023 375 1070 422 &
1098 375 1173 421 has
1193 391 1351 422 omnes

70 449 300 509 spartiano
329 446 583 494 adscribunt
611 458 820 508 excerpta
845 446 1058 493 Palatina.
1096 451 1239 493 Vitam
1270 465 1351 494 au·
1393 451 1396 454 ’

70 533 158 566 tem
176 520 420 565 Alexandri
438 520 606 575 Severi,
621 535 720 581 quae
739 517 1037 566 Constantino
1058 518 1256 580 Augusto
1281 520 1349 564 di-

69 604 188 650 cata,
210 592 287 638 sub
306 591 501 653 ejusdem
528 594 644 639 AElii
676 594 914 654 Lampridii
942 592 1126 638 nomine
1149 592 1194 638 in
1218 593 1349 640 editis

67 663 259 726 legitur,
287 680 381 712 non
411 676 582 711 tantum
604 679 814 727 excerpta
840 665 914 711 illa
931 700 944 721 ‚
965 664 1038 711 sed
1066 665 1113 712 ὃ(
1141 663 1252 710 alius
1272 680 1349 712 com

71 737 158 783 dex
187 736 509 801 antiquiffimus
539 737 755 785 Biblioth.
786 737 995 785 Palatinae
1014 773 1028 794 ,
1051 736 1247 799 aliusque
1281 755 1350 784 re·-

71 808 138 871 gis
168 809 328 856 Galliae
342 844 356 864 ,
376 811 425 857 &
445 809 672 857 Robertus
704 811 757 858 de
777 811 913 856 Porta
931 809 1250 866 Bononienfis‚
1272 810 1348 872 qui

67 881 280 928 summam
322 882 486 930 horum
524 884 745 931 librorum
782 883 1078 946 composuit,
1121 888 1348 945 Spartiano

66 952 327 1001 vindicant:
348 966 480 1018 atque
506 956 619 1002 adeo
643 957 759 1003 vitas
777 971 934 1003 omnes
955 956 1164 1004 haRenus
1195 973 1347 1002 recen·

66 1025 195 1084 fitas,
222 1026 454 1073 Salmasius
481 1043 576 1074 non
606 1028 779 1075 dubitat
807 1028 891 1075 effe
916 1027 1035 1075 illius
1065 1027 1194 1074 unius
1216 1029 1346 1090 Spar·-

67 1098 208 1155 tiani;
231 1098 365 1162 idque
390 1098 565 1162 liquido
592 1100 763 1163 liquere
795 1101 875 1147 fibi
903 1101 963 1148 ait
996 1101 1041 1147 in
1075 1099 1228 1147 limine
1261 1118 1350 1148 no-

67 1184 208 1219 tarum
229 1173 284 1218 ad
299 1174 413 1219 vitas
430 1176 601 1219 duorum
623 1176 991 1230 Maximinorum,
1019 1190 1118 1236 quae
1140 1173 1347 1219 omnium

67 1243 283 1291 consensu
316 1243 414 1290 sunt
440 1246 550 1292 Julii
581 1249 839 1306 Capitolini,
860 1247 1016 1293 dicatae
1044 1245 1349 1293 Constantino

66 1315 285 1379 AugustO.
312 1317 383 1362 Ab
410 1318 569 1364 eodem
605 1318 736 1364 etiam
771 1320 1009 1380 Capitolino
1040 1318 1253 1364 habemus
1279 1321 1348 1363 vi-

65 1406 133 1436 tas
167 1393 290 1436 trium
331 1390 642 1436 Gordianorum
662 1424 676 1448 ,
706 1393 894 1437 Maximi
927 1391 1032 1437 item
1064 1391 1113 1438 &
1153 1393 1345 1436 Balbini,

66 1463 151 1509 Sed
185 1466 426 1512 Trebellium
467 1468 701 1512 Pollionem
734 1473 753 1495 2
796 1466 1021 1513 aufi’torem
1064 1464 1347 1526 agnoscunt,

65 1534 143 1580 etfi
171 1536 286 1583 Iulio
321 1537 555 1596 Capitolino
582 1536 628 1583 in
660 1535 920 1599 quibusdam
952 1535 1201 1582 codicibus
1215 1527 1300 1592 ‚'&
1320 1553 1342 1583 a

64 1609 272 1655 Roberto
300 1609 586 1657 Bononiense
617 1609 876 1673 adscriptae‚
905 1612 1218 1656 Valerianorum
1252 1612 1343 1655 vitae

67 1681 111 1729 δ’
141 1682 346 1743 utriusque
374 1683 589 1740 Gallieni,
618 1682 660 1730 ὃ·
693 1687 867 1745 triginta
906 1686 1225 1743 Tywmzomm,
1254 1686 1345 1728 vita

29 1759 35 1763 ¹
66 1753 259 1815 (lenique
293 1756 435 1805 Flavii
474 1757 644 1801 Claudii
673 1765 686 1796 3
721 1754 764 1802 δ’
809 1758 1016 1818 Quintilli
1048 1755 1219 1812 fratris.
1257 1755 1344 1800 Po-

64 1825 229 1872 stremo
258 1842 282 1872 a
314 1827 464 1872 Flavio
492 1828 667 1888 Vopisco
697 1827 934 1891 Syracufio
952 1859 966 1882 ,
995 1826 1237 1873 admodum
1270 1824 1342 1886 ju-

123 1967 157 1993 1.
187 1953 230 1992 In
257 1953 485 2007 Heliogabali
522 1955 598 1993 vita
633 1968 669 2007 p.

64 2020 142 2060 230
168 2007 447 2048 Constantinum
478 2008 669 2060 alloquitur

62 2063 211 2109 ειιᾶοτ,
238 2063 277 2101 &
311 2076 348 2113 p.
378 2075 449 2114 231
487 2072 668 2101 memorat

65 2114 276 2162 Judaeorum
297 2116 337 2156 δέ
357 2114 667 2154 Samaritanorum

63 2169 280 2222 religione5‚
316 2183 360 2208 ac
401 2169 668 2223 Christianorum

63 2226 282 2262 devotionem.

120 2290 155 2315 2.
181 2276 352 2331 Diligens
381 2276 424 2316 &
452 2276 533 2316 fidei
554 2276 668 2315 cultor

64 2328 251 2368 historicus
319 2330 447 2369 dicitur
517 2330 668 2370 Gaddio

63 2383 179 2423 Tom.
215 2397 249 2429 1,
272 2397 354 2437 pag.
383 2398 470 2424 200.
490 2383 667 2435 Scripsit,

64 2435 90 2475 fi
125 2437 175 2478 H.
208 2436 448 2477 Dodwellum
478 2437 667 2486 audimus,

734 1953 799 1993 sub
839 1953 1071 1994 Diocletiano
1110 1952 1192 2004 post
1232 1965 1253 1990 a
1291 1950 1339 1992 C,

738 2021 811 2061 303
824 2022 835 2055 3
850 2008 998 2047 sedante
1009 2008 1091 2046 Kal.
1107 2008 1197 2046 Mai.
1210 2019 1340 2058 a,305.

794 2074 826 2113 3.
857 2062 898 2101 In
930 2062 996 2099 hac
1030 2062 1109 2100 vita
1133 2060 1340 2100 Trebellius

734 2115 826 2167 saepe
851 2114 998 2154 testatur
1010 2146 1022 2163 ‚
1038 2128 1186 2154 omnem
1206 2114 1241 2151 se
1255 2114 1342 2151 adu·

732 2169 904 2208 lationem
923 2169 1048 2222 procul
1076 2169 1230 2214 habere,
1244 2167 1339 2214 ejus-

732 2236 803 2275 que
835 2222 925 2261 falso
965 2222 1000 2262 se
1035 2223 1080 2260 ab
1111 2222 1185 2259 aliis
1222 2222 1338 2272 argui,

733 2276 829 2315 Hinc
876 2277 964 2314 viris
1006 2275 1149 2314 eruditis
1183 2274 1337 2312 secunda

733 2330 846 2369 hodie
881 2330 1024 2368 videtur
1057 2327 1192 2367 exstare
1227 2327 1338 2365 editio

733 2385 817 2423 vitae
839 2383 983 2423 Claudii
1014 2398 1036 2422 a
1068 2381 1254 2421 Trebellio
1278 2394 1334 2419 re»-

731 2439 889 2491 cognita.

979 2491 1006 2537 b
1043 2507 1063 2551 3
