1637 2785
293 150 659 200 ANTONINUS
697 151 1113 200 CARACALLUS.
1262 169 1314 216 19
1329 169 1344 199 ι

63 259 168 307 inde
199 260 392 305 Romam
417 257 561 304 rediit.
589 259 722 304 Tunc
756 258 834 303 sub
868 257 988 304 veste
1016 258 1247 305 Senatoria
1276 260 1349 305 lo-

62 335 199 380 ricam
233 333 425 388 habens,
462 348 561 377 curn
605 331 783 377 armatis
826 331 1039 377 militibus
1074 333 1239 378 curiam
1279 334 1350 380 in-

62 405 226 468 gressus
248 403 323 450 est.
345 405 441 449 Hos
466 403 511 449 in
543 401 692 449 medio
724 403 839 448 inter
862 402 1058 448 subsellia
1081 405 1247 466 duplici
1270 422 1350 458 or·

63 476 168 522 dine
198 473 476 529 collocavit,
506 475 554 520 &
583 473 640 521 sic
674 474 811 520 verba
834 472 953 521 fecit.
985 475 1177 534 Questus
1205 477 1265 523 est
1295 479 1349 525 de

63 547 207 595 fratris
234 546 401 593 insidiis
429 546 637 594 involute
667 547 716 593 ὅ(
743 546 1004 605 incondite,
1038 547 1092 593 ad
1118 548 1239 596 illius
1272 569 1350 598 ac-

62 621 366 677 cusationem,
395 618 459 665 sui
490 633 602 664 vero
625 617 987 664 excusationem:
1013 619 1137 680 quod
1166 621 1347 682 quidem

63 710 148 741 nec
167 694 352 739 Senatus
376 691 566 738 libenter
590 690 761 752 accepit
778 726 791 748 ‚
813 707 913 737 cum
939 690 1013 737 ille
1036 690 1210 739 dixiffet
1226 729 1237 749 ,
1259 693 1349 739 fra-

63 765 120 812 tri
147 764 188 812 se
213 765 365 811 omnia
394 762 654 827 permififfe,
684 762 863 810 fratrem
890 764 944 810 ab
973 763 1140 811 insidiis
1167 765 1349 812 liberas·

61 839 134 898 se,
162 838 354 886 &illum
379 850 527 884 tamen
560 837 638 882 fibi
669 836 938 899 graviffirnas
968 837 1142 884 infidias
1172 838 1348 895 fecifl‘e‚

63 927 147 958 nec
169 911 317 957 vicem
340 909 483 956 amori
506 909 738 956 reddidiffe
760 908 971 956 fraterno.

128 987 200 1031 111.
230 985 332 1030 Post
367 985 457 1031 hoc
488 983 686 1047 relegatis
716 983 1046 1048 deportatisque
1075 985 1263 1040 reditum
1301 987 1346 1033 in

63 1056 251 1118 patriam
278 1056 496 1103 restituit:
517 1056 620 1102 inde
641 1056 694 1102 ad
720 1058 1019 1118 praetorianos
1044 1059 1272 1120 processit,
1302 1062 1350 1107 Sc

60 1129 108 1175 in
137 1130 285 1176 castris
313 1129 478 1176 manfit.
508 1131 656 1175 Altera
689 1130 759 1176 die
786 1130 1065 1191 Capitolium
1096 1131 1223 1192 petiit
1249 1167 1263 1188 ,
1298 1134 1348 1178 &

62 1219 142 1250 eos
161 1239 175 1261 ,
206 1220 321 1266 quos
341 1203 550 1250 occidere
571 1204 777 1265 parabat,
807 1203 1042 1250 affabiliter
1073 1204 1134 1251 est
1172 1205 1349 1252 allocu-

61 1286 157 1332 tus,
186 1275 467 1338 innitensque
491 1275 742 1337 Papiniano
771 1275 820 1323 &
843 1276 1027 1334 Ciloni,
1055 1277 1108 1322 ad
1132 1278 1348 1323 Palatium

60 1347 205 1394 rediit.
238 1349 351 1394 Cum
383 1347 568 1404 flentem
599 1359 785 1394 matrem
817 1350 946 1394 Getae
986 1348 1187 1407 vidisset,
1224 1351 1350 1396 alias-

61 1437 150 1484 que
180 1422 413 1479 mulieres,
444 1422 542 1483 post
577 1439 731 1470 necem
765 1421 944 1481 fratris,
977 1422 1185 1469 mulieres
1223 1425 1347 1470 occi-

61 1493 165 1541 dere
190 1507 378 1542 conatus
407 1496 495 1542 est:
526 1495 598 1541 sed
630 1496 690 1542 ob
727 1495 818 1542 hoc
846 1509 1067 1553 retentus,
1092 1510 1146 1542 ne
1170 1513 1351 1559 augere-

61 1580 136 1613 tur
161 1566 307 1614 fratris
327 1568 463 1614 occisi
484 1569 732 1615 crudelitas.
753 1571 924 1614 Laetum
947 1569 999 1614 ad
1026 1582 1216 1615 mortem
1240 1586 1349 1616 coe«

59 1639 151 1701 git,
188 1639 314 1685 miffo
343 1657 366 1686 a
405 1640 447 1686 se
480 1657 685 1687 veneno:
721 1641 811 1702 ipse
848 1642 965 1687 enim
1002 1641 1118 1687 inter
1156 1641 1350 1688 suasores

61 1713 188 1757 Getae
225 1712 383 1758 mortis
418 1713 586 1774 primus
620 1712 790 1768 fuerat,
826 1715 974 1776 qui&
1007 1713 1177 1776 primus
1209 1713 1349 1760 inter-

60 1797 203 1832 emtus
226 1785 301 1831 est.
328 1785 418 1846 lpse
448 1797 639 1831 mortem
667 1785 761 1846 ejus
791 1786 1021 1848 saepissime
1054 1786 1192 1833 flevit.
1227 1788 1348 1834 Mul-

60 1858 247 1919 tos,qui
273 1859 406 1904 caedis
422 1857 515 1919 ejus
531 1858 700 1905 conscii
724 1858 925 1916 fuerant,
947 1859 1174 1906 interemit
1190 1896 1201 1915 ‚
1226 1877 1348 1907 eum⁸

60 1946 147 1993 que
170 1932 219 1978 &
247 1929 481 1994 imaginem
508 1931 602 1992 ejus
636 1932 896 1980 honoravit.
922 1932 1024 1979 Post
1050 1933 1140 1980 hoc
1168 1932 1349 1981 fratrem

59 2003 303 2065 patruelem
336 2003 492 2051 Afrum
509 2040 523 2063 ‚
549 2005 621 2052 cui
644 2006 785 2068 pridie
811 2021 955 2068 partes
977 2007 1030 2052 de
1058 2024 1189 2053 coena
1220 2007 1349 2055 mise-

58 2089 154 2132 rat,
179 2074 298 2136 juffit
329 2076 491 2125 occidi.
527 2078 605 2140 qui
632 2095 733 2124 cum
759 2079 800 2125 se
829 2081 1138 2142 praecipitaffet
1170 2080 1350 2143 percus-

60 2148 213 2194 sorum
250 2149 441 2205 timore‚
464 2150 514 2196 &
544 2150 595 2195 ad
627 2166 814 2196 uxorem
848 2167 974 2197 crure
999 2149 1142 2198 fracto
1167 2151 1349 2213 erepsis-

58 2218 157 2277 set,
191 2232 337 2266 tamen
370 2237 448 2282 per
494 2221 737 2268 ludibrium
767 2239 790 2268 a
823 2223 1156 2285 percussoribus
1189 2224 1348 2286 depre-

59 2292 220 2339 hensus
239 2293 327 2352 est,
349 2296 397 2341 &
418 2293 604 2341 occisus.
633 2295 817 2341 Occidit
837 2297 966 2342 etiarn
988 2293 1312 2356 Pompeianum
1332 2331 1347 2354 ,

60 2366 202 2412 Marci
238 2380 447 2428 nepotem
469 2402 481 2423 ,
503 2383 557 2412 ex
583 2365 671 2413 filia
701 2382 854 2414 natum
877 2369 925 2414 &
949 2384 1004 2413 ex
1040 2366 1346 2429 Pompejano,

62 2438 136 2488 cui
160 2453 300 2502 nupta
335 2439 479 2487 fuerat
511 2440 684 2490 Lucilla
717 2441 818 2504 post
846 2452 1041 2489 mortem
1075 2441 1180 2488 Veri
1206 2446 1347 2504 tmpe-
