1637 2785
329 148 690 197 CLODIUS
743 147 1112 196 ALBINUS.
1275 147 1362 211 183

89 266 206 301 terea
237 253 414 310 dicunt,
435 270 458 300 a
490 252 705 298 militibus
721 288 732 306 ,
751 252 877 316 cuius
903 272 1010 303 nece
1028 272 1048 301 a
1067 257 1236 303 Severo
1265 274 1368 320 gra·-

86 329 191 375 tiam
220 327 512 389 requirebant.
547 326 644 371 Fuit
675 327 846 372 Albino
869 344 1016 383 unus,
1045 342 1090 373 ut
1122 329 1262 391 aliqui
1298 331 1368 378 di-

84 413 222 458 cunt,
250 399 392 445 filius:
423 397 643 444 Maximus
673 397 782 444 dicit
814 399 938 446 duos.
977 400 1136 460 quibus
1168 402 1363 463 primum

83 471 263 518 veniam
291 470 436 526 dedit,
467 469 617 531 postea
648 487 759 516 vero
791 487 869 517 eos
898 488 999 517 cum
1030 485 1169 519 matre
1190 475 1367 535 percus-2

81 543 158 601 fit,
191 544 239 591 δι
265 543 310 588 in
340 542 635 605 profluentem
666 541 796 600 abjici
827 541 960 602 juslit.
987 544 1132 604 Caput
1156 543 1249 604 ejus
1277 562 1360 592 ex-

80 615 216 661 cisum
239 615 333 677 pilo
363 614 636 662 circumtulit
655 613 965 677 ,Romamque
988 615 1127 669 misit,
1148 616 1285 663 literis
1303 619 1361 664 ad

77 690 284 734 Senatum
317 688 456 745 (latis,
487 687 649 749 quibus
684 687 949 747 insultabat,
981 689 1106 751 quod
1140 690 1358 737 Albinum

75 771 312 822 tantopere
334 759 604 815 dilexiss'ent,
625 770 673 804 ut
689 757 783 820 ejus
805 759 957 806 affines
977 762 1025 807 &
1043 759 1223 806 fratrem
1248 778 1360 822 prae-

76 834 206 895 cipue
224 833 390 895 ingenti
411 833 585 878 honore
605 832 896 879 cumularent.
925 832 1106 880 Jacuiffe
1125 846 1225 880 ante
1246 850 1358 895 prae-

74 904 243 951 torium
269 904 419 953 Severi
448 903 602 950 Albini
630 920 794 966 corpus
815 920 891 965 per
919 904 1012 951 dies
1041 905 1259 966 plurimos
1283 906 1356 952 di-

73 977 190 1025 citur
216 978 351 1040 usque
380 978 432 1023 ad
465 976 675 1024 foetorem
693 1009 707 1032 ‚
728 977 1032 1042 laniatumque
1052 985 1081 1025 εί
1098 978 1280 1026 canibus
1304 977 1353 1025 in

70 1050 372 1113 profluentem
403 1049 619 1110 abjefi‘sum
654 1051 751 1097 effe.

134 1127 194 1173 X.
225 1125 299 1172 De
327 1125 527 1171 moribus
549 1123 643 1186 ejus
672 1123 794 1171 varia
821 1123 1047 1172 dicuntur.
1073 1126 1129 1171 Et
1158 1125 1353 1172 Severus

69 1197 248 1260 quidem
280 1197 369 1259 ipse
397 1198 492 1244 haec
520 1197 573 1243 de
599 1197 757 1244 eodem
781 1196 984 1259 loquitur
1001 1233 1012 1254 ‚
1038 1209 1085 1244 ut
1113 1214 1212 1243 eum
1234 1198 1352 1245 dicat

66 1282 266 1332 turpem,
295 1269 563 1316 malitiosum
580 1305 592 1324 ,
617 1269 873 1332 improbum
890 1306 904 1325 ,
923 1270 1210 1316 inhonestum
1233 1307 1245 1326 ,
1267 1288 1351 1324 cu·

65 1343 236 1404 pidum,
257 1342 555 1389 luxuriosum.
580 1342 653 1389 sed
673 1343 766 1389 haec
785 1342 889 1388 belli
912 1355 1134 1404 tempore,
1157 1343 1228 1389 vel
1249 1342 1350 1406 post

65 1416 232 1463 bellum
257 1451 270 1474 ,
305 1415 486 1479 quando
514 1415 554 1462 ei
582 1414 666 1475 jam
696 1415 821 1461 velut
857 1415 909 1460 de
938 1414 1061 1462 hoste
1095 1415 1214 1463 credi
1251 1431 1345 1462 non

62 1501 389 1552 poterat:cum
411 1493 459 1538 &
486 1489 576 1552 ipse
603 1490 656 1536 ad
677 1506 777 1536 eum
805 1489 924 1551 quasi
953 1489 1007 1534 ad
1036 1488 1347 1537 amiciffimum

63 1562 320 1626 frequentes
345 1562 509 1611 miserit
536 1563 682 1608 literas
700 1598 711 1617 ,
729 1563 778 1609 δε
804 1561 931 1623 multi
954 1561 1006 1607 de
1034 1562 1198 1608 Albino
1230 1562 1345 1609 bene

65 1636 304 1695 senserint,
333 1638 382 1684 &
405 1638 597 1683 Severus
627 1635 717 1698 ipse
756 1637 951 1697 Caesarem
990 1635 1116 1682 suum
1153 1636 1346 1682 eundem

61 1709 276 1771 appellari
297 1710 523 1768 voluerit,
545 1711 595 1756 ὅ(
623 1726 725 1755 cum
749 1709 802 1755 de
824 1708 1066 1755 successore
1094 1709 1343 1772 cogitaret,

61 1780 182 1828 hunc
214 1781 408 1843 primum
440 1781 646 1828 habuerit
678 1794 779 1827 ante
815 1780 992 1828 oculos.
1018 1782 1343 1843 Exstantiprae-

59 1865 180 1900 terea
201 1854 341 1901 Marci
369 1854 567 1917 epistolae
597 1855 650 1900 de
680 1855 769 1900 hoc
790 1854 948 1900 eodem
965 1889 978 1912 ,
1000 1872 1100 1918 quae
1135 1855 1340 1902 testimo-

59 1925 264 1973 nium&
293 1926 509 1973 virtutum
540 1927 634 1988 ejus
668 1926 811 1974 ferant
843 1929 891 1974 &
916 1920 1125 1975 morum:
1150 1945 1339 1991 quarum

57 2014 193 2045 unam
224 1998 414 2046 inserere
439 2001 491 2047 ad
524 2000 761 2048 Praese-{tos
789 2001 933 2048 datam
959 2001 1086 2064 super
1114 2001 1209 2061 ejus
1249 2018 1338 2049 no-

57 2071 204 2133 mine,
221 2072 452 2120 absurdum
481 2091 573 2121 non
598 2074 696 2121 fuit.
717 2078 890 2121 Marcus
920 2078 1121 2122 Aurelius
1140 2077 1338 2121 Antoni-

57 2163 138 2190 nus
170 2145 373 2204 Praefec‘lis
397 2147 489 2206 ficis
509 2149 705 2208 salutem.
737 2150 901 2193 Albino
929 2166 982 2193 ex
1001 2147 1181 2206 familia
1215 2148 1336 2204 Cejo-

57 2220 220 2262 niorum
237 2252 251 2273 ,
277 2218 391 2277 Afro
412 2222 570 2279 quidem
590 2222 753 2266 homini
766 2255 778 2276 ,
794 2221 877 2281 fid
891 2238 975 2265 non
995 2223 1126 2265 multa
1142 2238 1194 2265 ex
1210 2219 1336 2275 Afris

55 2290 223 2334 habenti
239 2324 251 2345 ,
281 2292 477 2338 Plautilli
495 2310 666 2353 genero,
688 2296 795 2338 duas
821 2295 1001 2339 cohortes
1030 2296 1162 2337 alares
1192 2309 1333 2354 regen-

55 2366 135 2408 das
163 2366 271 2410 dedi.
310 2366 385 2430 Est
416 2369 537 2412 lzomo
572 2370 848 2425 exercitatus,
880 2370 968 2414 vita
1001 2366 1156 2431 tristis,
1187 2369 1335 2428 gravis

57 2439 252 2484 moribus.
268 2455 372 2502 puto
391 2457 481 2487 eum
506 2442 621 2489 rebus
648 2441 906 2509 castrenfibus
920 2439 1184 2503 profuturum
1200 2458 1216 2486 .·
1237 2455 1336 2487 certe
