1714 2807
346 158 432 203 272
551 140 784 186 AELtt
850 137 1425 185 LAMPR1D11

341 262 489 294 autem
518 246 689 292 idcirco
712 247 947 290 Senatores
969 244 1052 291 effe
1080 245 1229 290 voluit
1251 244 1489 290 Praefee'tos
1511 256 1624 305 praed

270 355 272 363 .
343 319 478 376 torii,
511 335 566 364 ne
601 317 699 379 quis
728 333 820 364 non
862 319 1049 364 Senator
1081 318 1135 364 de
1165 319 1376 364 Romano
1411 318 1623 364 Senatore

342 390 572 450 judicarer.
606 389 775 436 Milites
803 389 907 437 suos
932 391 988 437 sic
1017 390 1181 452 ubique
1213 390 1372 446 scivit,
1399 403 1446 434 ut
1473 389 1516 434 in
1542 405 1624 435 cu-

344 463 494 510 biculo
523 464 701 509 haberet
731 464 921 518 breves,
953 464 1000 510 ὅ(
1039 479 1276 509 numerum
1297 499 1309 517 ,
1341 466 1388 508 ὃ(
1420 475 1623 522 tempora

344 537 629 583 militantium
645 571 657 593 ,
677 536 959 597 semperque,
987 553 1089 583 cum
1112 535 1230 580 solus
1257 536 1360 581 effer
1376 571 1390 593 ,
1407 537 1453 580 ὅ(
1485 534 1626 579 ratio-

347 626 422 656 nes
451 625 606 655 eorum
623 643 636 665 ,
662 608 710 654 &
737 624 996 663 numerum,
1022 610 1069 654 &
1101 607 1360 669 dignitateS,
1385 610 1431 653 ὅ(
1461 606 1627 666 stipen-

345 682 417 728 dia
450 680 723 735 recenseret,
756 692 802 724 ut
847 679 951 724 esset
987 680 1039 724 ad
1074 680 1225 724 omnia
1262 678 1629 725 instructiffimus.

345 753 559 813 Denique
579 769 680 798 cum
709 752 823 797 inter
846 750 1058 796 militares
1085 750 1250 812 aliquid
1270 764 1494 811 ageretur,
1515 749 1629 794 mul·

346 842 498 873 torum
530 824 704 871 dicebat
736 825 784 869 &
815 824 1014 869 nomina.
1051 824 1103 868 de
1140 822 1468 884 promovendis
1495 822 1627 868 etiam

348 897 427 943 fibi
446 896 715 950 annotabat,
734 897 783 942 &
809 895 1061 957 perlegebat
1087 896 1243 941 cunita
1273 895 1471 957 pittacia,
1493 896 1539 943 &
1569 894 1628 941 fic

347 969 559 1025 faciebat,
589 968 744 1014 diebus
775 968 906 1014 etiam
943 967 1104 1028 pariter
1138 968 1390 1023 annotatis,
1425 969 1473 1013 &
1500 967 1629 1029 quis,

349 1046 396 1090 δέ
425 1041 567 1104 qualis
597 1041 727 1095 effer,
751 1041 799 1087 δι
821 1056 913 1102 quo
939 1040 1189 1086 insinuante
1219 1055 1469 1102 promotus.
1489 1041 1629 1086 Com-

351 1131 543 1164 meatum
566 1115 725 1177 populi
753 1113 945 1159 Romani
978 1113 1034 1159 sic
1064 1113 1269 1171 adjuvit,
1293 1127 1370 1171 ut,
1403 1130 1505 1161 cum
1537 1111 1630 1158 fru-

351 1204 499 1237 menta
531 1188 844 1251 Heliogabalus
885 1188 1136 1246 evertisset,
1177 1188 1323 1235 vicem
1357 1187 1411 1234 de
1447 1185 1629 1249 propria

351 1264 541 1328 pecunia
566 1264 673 1309 loco
702 1262 781 1309 suo
811 1274 1066 1323 reponeret.

414 1339 560 1385 XXll.
587 1336 984 1399 Negotiatoribus‚
1005 1347 1051 1380 ut
1078 1335 1268 1380 Romam
1296 1333 1502 1380 volentes
1519 1348 1631 1379 con-

352 1424 609 1466 currerent,
635 1410 871 1456 maximam
903 1408 1228 1467 immnnitatem
1271 1407 1405 1454 dedit.
1436 1406 1630 1463 Oleum,

351 1486 476 1549 quod
501 1485 691 1530 Severus
720 1483 895 1545 populo
927 1482 1133 1536 dederat,
1167 1481 1380 1544 quodque
1415 1480 1632 1544 Helioga-

352 1559 478 1605 balus
502 1557 813 1612 imminuerat,
834 1554 1088 1617 turpissimis
1112 1554 1370 1599 hominibus
1398 1552 1632 1600 Praefeeiu-

351 1647 445 1676 ram
462 1646 656 1676 annonae
675 1628 920 1675 tribuendo
934 1663 947 1685 ,
967 1627 1189 1689 integrum
1214 1625 1413 1671 restituit.
1431 1626 1504 1672 Jus
1524 1640 1633 1672 conv

355 1700 525 1747 ferendi
551 1701 776 1754 rationes,
800 1700 924 1762 quod
955 1699 1155 1760 impurus
1181 1697 1252 1743 iile
1283 1695 1532 1753 sustulerat,
1559 1695 1633 1742 hic

355 1774 567 1820 omnibus
598 1773 804 1818 reddidit.
831 1771 1097 1819 Mechanica
1131 1787 1271 1833 opera
1300 1771 1460 1816 Romae
1493 1769 1633 1831 pluri-

354 1862 428 1892 ma
455 1844 657 1891 instituit.
681 1845 842 1891 Judaeis
868 1844 1101 1907 privileg'a
1131 1842 1388 1888 reservavit.
1417 1840 1630 1888 Christia-

357 1933 442 1965 nos
473 1916 556 1963 esse
587 1916 730 1978 passus
756 1917 831 1963 est.
854 1914 1148 1962 Pontificibus
1177 1927 1347 1960 tantum
1381 1913 1562 1970 detulit,
1583 1913 1632 1958 &

355 1988 747 2050 Quindecimviris
774 2003 910 2051 atque
925 1988 1206 2052 Auguribus,
1231 2000 1277 2031 ut
1306 1986 1511 2048 quasdam
1528 2002 1633 2033 cau-

359 2061 420 2108 sas
439 2061 664 2108 sacrorum
681 2098 693 2116 ,
714 2081 735 2108 a
758 2061 798 2107 se
817 2061 963 2109 finitas
980 2097 994 2117 ,
1021 2061 1166 2106 iterari
1185 2096 1197 2117 ,
1214 2061 1263 2106 ὅ(
1282 2060 1408 2106 aliter
1425 2058 1633 2121 distingui

359 2144 597 2195 pateretur.
618 2133 823 2179 Praefides
845 2133 1209 2195 provinciarum,
1236 2148 1350 2193 quos
1379 2147 1483 2177 vere
1499 2166 1511 2187 ,
1538 2146 1634 2176 non

356 2203 655 2259 t'aEtionibtts,
684 2204 851 2251 laudari
888 2202 1266 2265 comperit,&in
1305 2202 1537 2248 itineribus
1573 2200 1635 2246 se-

360 2293 461 2324 cum
493 2275 662 2336 semper
685 2276 729 2322 in
758 2276 976 2323 vehiculo
1003 2275 1183 2331 habuit,
1205 2277 1253 2321 ὃ(
1276 2274 1532 2320 muneribus
1556 2272 1637 2319 ad-

357 2349 493 2409 juvit,
509 2349 676 2407 dicens,
696 2351 745 2398 ὃ(
763 2349 880 2396 fures
901 2367 924 2395 a
942 2349 1166 2411 republica
1187 2349 1435 2409 pellendos,
1456 2363 1507 2394 ac
1530 2362 1635 2407 pau·

361 2421 582 2483 perandos
595 2458 607 2480 ,
623 2424 672 2470 Sc
692 2423 890 2485 integros
907 2421 990 2468 effe
1012 2420 1296 2468 redimendos
1313 2454 1329 2479 ,
1342 2432 1472 2481 atque
1491 2418 1633 2465 ditan-
