1637 2785
387 169 1024 218 HADRIANUS.
1316 190 1345 235 9

77 277 259 334 driano,
284 275 472 324 conscio
494 276 571 323 sibi
599 277 731 324 Lufio
760 279 810 325 &
833 279 983 326 multis
1009 279 1130 339 aliis,
1156 297 1351 345 parave-

75 365 168 411 rat,
192 368 292 399 cum
322 367 423 397 eum
459 351 589 398 etiam
625 350 914 398 successorem
955 352 1127 400 sibimet
1156 355 1351 402 Hadria-

77 440 158 470 nus
201 422 474 480 destinasset,
508 422 658 469 evafit.
695 423 848 482 Quare
883 423 1029 469 Palma
1062 425 1349 487 Terracinae,

78 494 225 542 Celsus
247 493 362 555 Bajis
377 530 391 552 ,
411 494 622 557 Nigrinus
644 495 896 553 Faventiae,
918 495 1072 553 Lufius
1093 495 1139 542 in
1164 497 1352 558 itinere,

78 571 226 616 senatu
254 568 465 630 jubente,
489 569 638 618 invito
671 570 904 617 Hadriano
943 569 1028 634 (ut
1055 571 1144 632 ipse
1171 570 1216 619 in
1242 573 1352 624 ,vita

77 641 147 688 sua
174 641 316 705 dicit)
349 641 483 689 occifi
512 642 626 690 sunt.
655 643 787 689 Unde
821 643 964 689 statim
992 644 1273 701 Hadrianus,
1297 645 1353 691 ad

73 713 359 761 refellendam
378 715 658 762 tristissimam
677 716 729 762 de
752 731 791 762 νε
811 716 1075 778 opinionem
1093 752 1107 775 ,
1123 717 1251 780 quod
1270 734 1354 763 oc-

76 787 166 834 cidi
193 787 331 850 paffus
359 787 464 834 effet
495 805 588 834 uno
615 803 819 850 tempore
848 804 1044 852 quatuor
1070 790 1354 846 consulares,

76 860 269 906 Romam
293 862 444 917 venit,
464 861 608 909 Dacia
626 861 835 908 Turboni
859 861 1196 915 credita‚titulo
1217 864 1358 926 AEgy-

79 931 236 992 ptiacae
272 931 571 994 praefeRurae,
596 947 690 995 quo
722 932 820 994 plus
847 933 1027 979 haberet
1054 933 1358 992 auftoritatis,

79 1018 268 1052 ornato:
295 1008 344 1054 ὃ(
370 1005 425 1052 ad
454 1005 839 1067 comprimendam
872 1006 927 1051 de
959 1004 1000 1051 se
1029 1004 1215 1063 famam,
1243 1024 1359 1053 con-

81 1079 269 1142 giarium
302 1079 465 1143 duplex
495 1079 683 1142 praesens
711 1079 888 1141 populo
924 1079 1070 1138 dedit,
1099 1081 1239 1128 ternis
1268 1080 1358 1143 jam

80 1169 159 1214 per
173 1143 378 1216 ¹singulos
402 1152 546 1200 aureis
562 1151 602 1198 se
623 1151 799 1198 absente
819 1150 984 1198 divifis.
1000 1153 1049 1198 ln
1065 1151 1215 1199 senatu
1239 1168 1362 1216 quo-

81 1242 171 1287 que
184 1262 198 1283 ‚
217 1226 454 1284 excusatis,
472 1243 571 1289 quae
588 1225 697 1272 facia
711 1240 834 1272 erant
851 1260 864 1283 ,
878 1224 1045 1286 juravit
1059 1227 1130 1286 ,fi
1148 1245 1364 1288 nunquam

71 1302 303 1362 senatorem
318 1304 387 1357 ,ni
405 1321 420 1347 z
445 1319 498 1346 ex
534 1318 679 1347 enatus
685 1301 910 1362 sententia,
929 1303 1186 1360 puniturum.
1206 1302 1362 1346 Statim

82 1372 262 1420 cursum
288 1371 480 1420 fiscalem
507 1373 693 1419 instituit
712 1409 725 1432 ,
744 1390 800 1419 ne
827 1373 1106 1437 magistratus
1133 1374 1222 1421 hoc
1253 1390 1364 1420 one-

82 1463 130 1492 re
158 1459 462 1509 gravarentur.
488 1447 559 1493 Ad
584 1447 884 1511 colligendam
912 1458 1056 1493 autem
1084 1447 1269 1510 gratiam
1298 1446 1364 1493 ni-

82 1519 145 1565 hil
171 1519 541 1582 praetermittens,
570 1518 789 1566 infinitam
829 1519 1094 1582 pecuniam,
1125 1537 1225 1582 quae
1252 1518 1364 1566 fisco

84 1591 352 1649 debebatur,
379 1591 567 1653 privatis
589 1592 871 1639 debitoribus
894 1592 940 1638 in
964 1593 1087 1639 Urbe
1115 1604 1248 1655 atque
1274 1594 1365 1638 Ita-

84 1665 172 1722 lia,
193 1665 238 1711 in
263 1665 515 1727 provinciis
550 1682 664 1713 vero
696 1667 828 1713 etiam
866 1682 922 1712 ex
952 1665 1134 1728 reliquis
1165 1666 1368 1728 ingentes

87 1739 275 1785 summas
300 1739 489 1794 remifit3
519 1738 782 1803 syngraphis
810 1739 856 1785 in
885 1738 990 1784 foro
1016 1738 1134 1785 Divi
1154 1737 1366 1799 Traiani,

87 1826 181 1872 quo
212 1811 349 1874 magis
379 1810 586 1859 securitas
619 1811 830 1858 omnibus
864 1811 1179 1867 roboraretur,
1208 1810 1368 1856 incen-

90 1884 156 1930 sis.
183 1883 514 1930 Damnatorum
545 1884 664 1931 bona
698 1884 745 1931 in
778 1883 930 1931 fiscum
960 1884 1188 1946 privatum
1228 1883 1367 1944 redigi

89 1954 260 2013 vetuit,
295 1956 422 2003 omni
462 1956 626 2002 summa
665 1956 710 2001 in
753 1955 913 2003 aerario
948 1956 1136 2017 publico
1173 1969 1366 2017 recepta.

88 2030 240 2077 Pueris
263 2047 314 2078 ac
339 2029 524 2094 puellis,
554 2030 715 2093 quibus
744 2030 875 2076 etiam
907 2028 1126 2091 Trajanus
1158 2029 1366 2075 alimenta

92 2105 334 2163 detulerat,
365 2105 690 2152 incrementum
728 2104 995 2151 liberalitatis
1025 2103 1199 2166 adjecit.
1229 2106 1368 2150 Sena-

93 2177 296 2236 toribus,
324 2177 400 2241 qui
433 2193 528 2223 non
558 2176 675 2223 vitio
714 2178 792 2223 suo
821 2178 1118 2235 decoxerant,
1148 2176 1369 2239 patrimo-

93 2251 245 2309 nium,
274 2267 358 2313 pro
390 2250 637 2300 liberorum
664 2250 832 2308 modo,
871 2249 1100 2296 senatoriae
1131 2247 1369 2310 profeffio-

95 2325 161 2372 nis
187 2324 410 2387 explevit3
436 2325 497 2371 ita
519 2336 569 2370 ut
591 2324 812 2386 plerisque
836 2323 881 2369 in
908 2322 1023 2368 diem
1052 2322 1156 2369 vitae
1185 2320 1271 2367 suae
1302 2321 1369 2366 di-

94 2395 290 2455 mensum
321 2396 412 2442 fine
440 2394 656 2442 dilatione
683 2395 933 2442 restituerit.
962 2394 1032 2439 Ad
1065 2394 1260 2440 honores
1288 2409 1369 2437 ex-

97 2468 310 2531 plendOS,
338 2483 431 2515 non
462 2466 606 2515 solum
633 2467 815 2525 amicis,
845 2467 917 2514 sed
947 2465 1079 2513 etiam
1109 2465 1258 2528 paffim
1288 2465 1367 2510 ali-
