1714 2807
329 169 394 228 64
571 168 782 215 JUL11
833 167 1343 217 CAPITOLINI

331 291 379 322 re
410 274 555 321 Prima
599 274 812 332 nomine,
845 275 917 323 cui
954 275 1107 323 fratres
1152 290 1346 340 quatuor
1386 277 1475 325 viri
1515 278 1612 326 fue-

332 360 463 405 runt,
493 349 540 394 &
573 360 766 409 quatuor
797 348 983 409 puellae:
1011 349 1089 410 qui
1123 365 1281 396 omnes
1307 350 1421 396 infra
1453 352 1613 412 puber·

330 431 467 464 tatem
488 416 764 463 interierunt.
786 418 909 463 Nato
930 419 1157 473 Maximo,
1177 436 1353 466 carnem
1374 420 1583 467 bubulam
1598 453 1614 475 ,

332 492 386 538 &
409 490 590 553 quidem
615 490 823 547 multam,
844 491 988 553 aquila
1016 491 1060 537 in
1089 493 1243 538 cellam
1277 509 1434 538 eorum
1467 491 1615 554 proje-

334 564 438 612 cisse
471 562 635 620 fertur,
663 579 762 625 quae
798 563 984 626 angusto
1029 566 1204 626 patebat
1242 565 1489 626 impluvio:
1518 581 1614 610 earn

335 637 530 698 denique
557 653 656 682 cum
685 635 875 695 jaceret,
902 652 983 682 nec
1012 636 1236 698 quisquam
1259 638 1520 700 contingere
1542 653 1615 682 au-

336 709 461 755 deret
481 708 709 769 religionis
734 707 922 764 timore,
943 708 1103 754 iterum
1121 708 1328 755 sustulifl'e
1345 744 1359 765 ‚
1377 710 1486 756 &in
1510 725 1617 769 pro-

338 781 510 826 ximum
537 780 769 836 sacellum,
797 779 920 841 quod
956 791 1046 824 erat
1073 779 1199 826 Jovis
1226 778 1460 835 praestitis,
1492 781 1617 825 detu-

338 852 444 900 liss'e.
474 853 521 898 ld
550 868 606 899 eo
643 867 846 913 tempore
876 850 986 896 nihil
1019 851 1159 898 visum
1197 851 1258 898 est
1287 851 1450 898 ominis
1481 851 1619 897 habe-

338 942 415 982 re,
445 923 516 971 sed
541 941 634 970 non
661 923 750 970 fine
776 922 902 970 causa
928 923 1113 981 saelum,
1136 924 1348 986 probavit
1366 924 1620 985 imperium.

339 997 578 1045 Pueritiam
614 1012 796 1042 omnem
837 996 883 1042 in
923 997 1062 1043 domo
1105 998 1249 1059 patrui
1287 997 1451 1044 Pinarii
1487 996 1620 1051 fecit,

340 1088 473 1133 quem
497 1069 639 1115 statim
659 1070 712 1115 ad
734 1069 1041 1116 Praefecluram
1066 1071 1267 1133 praetorii
1289 1070 1522 1127 subvexit,
1545 1068 1622 1116 ubi

342 1147 482 1194 tuclus
506 1145 566 1190 est
596 1147 858 1205 Imperator.
882 1146 1080 1205 Operam
1111 1145 1429 1208 grammatico,
1451 1141 1623 1208 rhetori

345 1236 441 1266 non
465 1220 648 1265 multam
670 1217 803 1263 dedit.
833 1217 1042 1278 siquidem
1075 1218 1243 1281 semper
1270 1218 1425 1264 virtuti
1459 1218 1507 1264 δε
1535 1216 1622 1262 mi-

344 1295 463 1341 litari
486 1293 706 1342 severitati
731 1291 909 1337 studuit.
939 1293 1145 1337 Attamen
1167 1291 1368 1338 militaris
1393 1290 1624 1338 Tribunus

344 1368 454 1426 fuit,
482 1370 529 1415 &
555 1365 719 1412 multos
746 1364 833 1427 egit
859 1379 1095 1422 numeros,
1130 1367 1177 1412 ὅ(
1200 1365 1349 1427 postea
1373 1376 1627 1427 praeturam,

343 1441 494 1487 *sumtu
514 1436 795 1485 Pescenninae
822 1437 1122 1493 Marcellinae,
1145 1453 1243 1499 quae
1263 1437 1386 1483 illum
1412 1437 1518 1483 loco
1544 1433 1628 1480 filii

348 1512 598 1574 susceperat
630 1512 679 1558 &
709 1509 891 1556 aluerat.
925 1509 1032 1554 Inde
1060 1508 1429 1555 proconsulatum
1467 1507 1628 1569 Bithy-

350 1585 436 1631 niae
466 1583 581 1647 egit,
605 1583 653 1630 δι
679 1580 886 1642 deinceps
913 1580 1130 1638 Graeciae,
1155 1597 1205 1627 ac
1233 1581 1366 1626 tertio
1389 1580 1628 1626 Narbonae.

350 1657 505 1705 Miffus
535 1667 746 1716 praeterea
777 1656 978 1717 Legatus‚
997 1654 1212 1699 Sarmatas
1239 1652 1283 1698 in
1310 1651 1497 1714 Illyrico
1515 1666 1630 1698 con-

351 1729 492 1776 tudit:
517 1740 649 1789 atque
674 1726 778 1771 iude
804 1725 1042 1772 translatus
1071 1726 1123 1771 ad
1147 1725 1378 1780 Rhenum,
1401 1740 1491 1769 rem
1517 1738 1631 1769 con-

350 1816 419 1850 tra
453 1804 706 1848 Germanos
736 1798 836 1846 satis
871 1799 1060 1846 feliciter
1093 1798 1227 1861 geffit.
1251 1796 1352 1843 Post
1385 1796 1480 1842 haec
1513 1797 1631 1841 Prae-

352 1874 491 1921 fectus
519 1871 652 1920 Urbis
683 1869 1071 1933 prtidentiffimus,
1091 1887 1142 1917 ac
1171 1868 1564 1931 ingeniosiffimus,
1583 1869 1634 1913 &

354 1944 648 1993 severissimus
667 1943 939 2004 approbatus
968 1941 1043 1989 est.
1078 1944 1231 2000 Quare
1264 1944 1287 1964 ⁴
1321 1939 1460 1985 veluti
1495 1939 1633 1984 Sena-

354 2029 426 2065 tus
463 2016 502 2062 ei
540 2015 739 2072 homini,
770 2015 897 2079 quod
928 2030 1022 2060 non
1059 2013 1217 2060 licebat
1239 2047 1252 2069 ‚
1294 2027 1426 2057 novae
1458 2008 1634 2057 familiae

355 2088 595 2151 imperium
628 2099 776 2134 tamen
812 2087 1012 2140 detulit;
1053 2084 1257 2134 confeffis
1290 2083 1498 2130 omnibus
1518 2117 1532 2139 ,
1575 2097 1636 2128 eo

357 2173 564 2221 tempore
593 2159 639 2204 in
669 2160 828 2204 Senatu
857 2157 1076 2220 aptiorem
1116 2172 1209 2202 non
1246 2156 1358 2212 effe,
1386 2155 1461 2217 qui
1498 2154 1636 2201 debe-

357 2246 428 2279 ret
463 2231 681 2293 Principis
717 2236 883 2276 nomen
913 2229 1125 2290 accipere.

442 2306 518 2350 VI.
544 2304 596 2348 Et
620 2301 831 2365 quoniam
866 2300 996 2346 etiam
1028 2300 1204 2346 minora
1239 2299 1438 2361 plerique
1467 2298 1636 2344 defide-

361 2389 488 2434 rant,
523 2375 605 2421 fuit
643 2373 730 2421 cibi
762 2372 920 2419 avidus
942 2407 954 2430 ‚
989 2372 1084 2418 vini
1120 2373 1419 2434 parciffimus,
1455 2371 1506 2415 ad
1543 2387 1635 2417 rem

363 2452 613 2497 Veneream
645 2446 777 2501 nimis
803 2462 955 2504 rarus,
987 2445 1112 2492 domi
1139 2445 1336 2507 forisque
1365 2443 1533 2506 semper
1568 2441 1638 2492 see
