1714 2807
304 164 393 213 194
509 148 1387 198 AELIISPARTIANI

361 254 437 299 VI.
454 250 556 298 Post
581 251 671 298 hoc
691 252 744 298 ad
770 251 937 300 bellum
968 254 1281 303 Armeniacum
1306 256 1576 306 Parthicum·

297 343 385 389 que
410 326 681 383 conversus,
707 326 865 373 ducem
887 328 1095 375 bellicum
1113 364 1126 386 ‚
1145 329 1221 392 qui
1242 329 1325 376 suis
1350 346 1580 394 compete·

297 399 372 446 bat
395 397 626 455 moribus,
653 398 773 446 fecit.
798 399 903 446 Inde
923 399 1237 447 Alexandriam
1257 401 1407 463 petiit:
1427 403 1470 448 in
1492 421 1581 466 gy-

297 470 512 518 mnasium
548 471 768 533 populum
803 471 1115 529 convocavit,
1146 489 1338 535 eumque
1367 472 1581 536 objurga-

297 542 396 590 vit:
427 542 512 607 legi
538 541 671 589 etiam
702 542 880 589 validos
909 542 963 588 ad
993 543 1198 590 militiam
1228 546 1455 607 praecepit.
1489 547 1580 590 Eos

290 628 615 677 autemsquos
645 615 840 678 legerat,
875 615 1072 673 occidit,
1099 617 1310 678 exemplo
1347 618 1579 664 Ptolemaei

296 686 560 752 Evergetis,
592 686 672 749 qui
701 687 885 733 oiiavus
912 688 1000 733 hoc
1028 688 1212 734 nomine
1237 688 1481 749 appellatus
1503 689 1579 737 cst.

293 763 420 810 Dato
446 774 657 823 praeterea
678 761 802 822 signo
825 760 1041 807 militibus
1056 795 1070 817 ,
1088 773 1135 806 ut
1157 761 1355 822 hospites
1379 761 1478 808 suos
1503 778 1580 809 oc·

291 837 517 893 ciderent‚
538 852 738 898 magnam
762 835 928 881 caedem
955 835 1240 882 Alexandria:
1261 835 1382 882 fecit.
1399 836 1580 883 Dehinc

293 927 372 974 per
395 908 611 956 Cadusios
637 912 687 956 ὅ(
714 907 996 972 Babylonios
1030 908 1269 971 ingreffus,
1293 910 1580 956 tumultuarie

293 1001 397 1031 cum
440 984 711 1030 Parthorum
755 981 937 1042 satrapis
983 998 1164 1027 manum
1213 983 1409 1029 contulit
1429 1018 1441 1040 ‚
1474 982 1580 1029 feris

283 1055 424 1104 ‘etiam
459 1054 606 1102 bestiis
634 1054 679 1101 in
702 1055 851 1101 hostes
875 1054 1086 1100 immiffis.
1107 1055 1240 1101 Datis
1259 1054 1314 1100 ad
1339 1055 1549 1100 Senatum
1566 1090 1581 1112 ,

288 1129 415 1190 quasi
444 1128 545 1190 post
576 1127 811 1174 vi&oriam
830 1162 844 1182 ‚
865 1126 1003 1173 literis
1023 1163 1036 1182 ‚
1067 1127 1298 1174 Parthicus
1330 1126 1578 1187 appellatus

293 1199 379 1245 est:
402 1214 501 1243 nam
532 1195 791 1243 Germanici
818 1211 984 1240 nomen
1010 1208 1132 1255 patre
1154 1195 1271 1242 vivo
1301 1196 1443 1242 fuerat
1463 1213 1578 1243 con-

292 1270 482 1317 secutus.
505 1268 685 1315 Deinde
710 1284 810 1314 cum
846 1267 1006 1312 iterum
1039 1268 1178 1314 vellet
1209 1269 1378 1315 Parthis
1411 1269 1576 1317 bellum

292 1341 484 1396 inferre,
505 1353 637 1403 atque
666 1341 899 1386 hibernare
921 1340 1085 1386 Edefl'ae
1100 1375 1113 1396 ,
1143 1351 1274 1401 atque
1294 1340 1397 1386 inde
1418 1341 1579 1388 Carras

292 1411 407 1458 Luni
422 1412 512 1457 Dei
534 1412 672 1473 gratia
690 1411 877 1457 venifl'et
894 1447 908 1469 ‚
931 1413 1002 1457 die
1023 1412 1178 1458 natalis
1197 1411 1280 1469 sui,
1296 1413 1460 1458 ofiavo
1478 1413 1579 1458 ldus

292 1485 484 1545 Aprilis,
500 1484 598 1545 ipsis
621 1485 968 1547 Megalensibus,
993 1501 1093 1532 curn
1110 1485 1164 1531 ad
1183 1485 1390 1549 requisita
1410 1499 1577 1531 naturae

292 1556 574 1613 disceffiffet‚
601 1555 768 1604 insidiis
805 1575 829 1604 a
873 1559 1081 1605 Macrino
1120 1558 1334 1605 Praefe&o
1378 1560 1579 1620 praetorii

294 1629 473 1691 positis,
495 1629 573 1689 qui
604 1628 702 1691 post
726 1646 826 1675 eum
852 1629 1012 1676 invasit
1032 1629 1296 1691 imperium,
1319 1629 1579 1676 interemtus

295 1703 369 1750 est.
403 1701 590 1749 Coni'cii
622 1703 756 1750 caedis
792 1702 971 1749 fuerunt
1008 1703 1324 1762 Nemesianus,
1358 1705 1410 1751 &
1444 1703 1579 1749 frater

293 1776 387 1835 ejus
409 1776 707 1838 Apollinaris,
724 1775 1054 1839 Retianusqiie‚
1074 1775 1154 1839 qui
1176 1775 1412 1823 Praefe&us
1439 1775 1577 1838 legio-

293 1850 362 1896 nis
397 1848 603 1895 secundae
631 1848 846 1895 Parthicae
878 1848 1127 1906 militabat,
1160 1850 1208 1896 &
1250 1849 1327 1910 qui
1356 1848 1578 1910 equitibus

291 1919 660 1969 extraordinariis
687 1932 901 1981 praeerat‚
929 1937 1024 1966 non
1059 1920 1367 1985 ignorantibus
1399 1921 1576 1968 Marcio

293 1992 524 2055 Agrippa,
541 1990 618 2054 qui
645 1991 764 2038 classi
791 2003 1007 2054 praeerat,
1031 1992 1080 2039 &
1113 2005 1325 2054 praeterea
1357 1991 1575 2056 plerisque

291 2066 582 2122 officialium,
612 2064 802 2128 impulsu
840 2065 1069 2113 Martialis.

375 2143 472 2187 Vll.
502 2139 689 2187 Occisus
723 2139 784 2185 est
814 2153 960 2186 autem
992 2139 1037 2184 in
1072 2139 1222 2186 medio
1261 2138 1421 2186 itinere
1459 2139 1575 2186 inter

293 2215 453 2261 Carras
472 2213 522 2259 &
541 2213 737 2259 Edessam
756 2248 769 2270 ‚
802 2229 903 2260 cum
936 2213 1140 2258 levandae
1170 2211 1330 2260 veficae
1363 2214 1499 2277 gratia
1518 2230 1575 2261 ex

294 2303 419 2350 equo
454 2286 735 2333 descendisset
755 2322 768 2343 ‚
800 2299 932 2348 atque
969 2286 1085 2332 inter
1127 2287 1405 2348 proteEtores
1438 2287 1574 2343 suos,

292 2360 558 2418 conjuratos
597 2361 731 2408 caedis
752 2397 765 2415 ,
797 2373 954 2423 ageret.
985 2361 1196 2422 Denique
1229 2378 1330 2407 cum
1364 2361 1489 2407 illum
1526 2361 1572 2407 in

292 2448 460 2496 equum
482 2433 642 2481 strator
661 2433 753 2495 ejus
772 2434 968 2493 levaret,
990 2434 1186 2498 pugione
1215 2434 1326 2481 latus
1345 2433 1436 2496 ejus
1461 2449 1572 2482 con-
