1714 2807
348 173 439 220 132
547 156 972 205 TREBELLII
1025 159 1464 208 POLLIONIS

341 262 512 327 galeata
537 262 746 323 proceffit
775 279 878 311 cum
911 263 1051 311 limbo
1076 281 1330 327 purpureo,
1349 266 1534 329 gemmis
1553 268 1626 316 de·

340 337 641 400 pendentibus
673 352 751 397 per
782 336 985 383 ultimam
1017 336 1270 395 fimbriam3
1307 341 1452 387 media
1492 342 1626 389 etiam

339 409 533 472 cyclade
572 409 716 454 veluti
758 407 892 455 fibula
934 411 1138 457 muliebri
1177 413 1409 472 adstri&a‚
1442 414 1626 462 brachio

343 482 457 542 saepe
487 481 629 528 nudo.
662 481 760 528 Fuit
796 481 926 528 vultu
966 482 1230 545 subaquilo‚
1272 484 1383 532 fusci
1423 485 1628 544 coloris,

321 556 493 622 ‘oculis
515 555 641 618 supra
668 551 854 602 rhodum
878 555 1159 618 vigentibus,
1181 558 1340 620 nigris,
1366 558 1543 621 spiritus
1563 558 1626 603 di-

342 627 467 685 vini,
495 627 737 674 venustatis
757 627 1062 675 incredibilis:
1093 642 1242 676 tantus
1264 631 1434 676 candor
1452 631 1497 676 in
1518 631 1628 677 den-

340 701 488 757 tibus,
509 713 558 746 ut
585 700 836 763 margaritas
858 717 953 746 earn
976 701 1178 765 plerique
1203 715 1413 764 putarent
1441 703 1628 762 habere,

341 791 436 821 non
467 775 633 820 dentes.
662 789 765 819 vox*
781 772 896 820 clara
927 774 1167 823 &virilis:
1191 775 1430 834 severitas,
1448 776 1525 822 ubi
1549 793 1628 822 ne-

340 847 512 897 ceffitas
542 846 820 909 postulabat,
845 860 1146 911 tyrannorum
1167 865 1178 894 ε
1199 849 1426 896 bonorum
1453 849 1630 897 Princiv

342 938 450 984 pum
483 918 720 966 clementia
740 955 755 976 ,
787 919 865 966 ubi
901 920 1037 981 pietas
1066 921 1347 983 requirebat:
1376 922 1494 985 larga
1521 938 1629 984 pru-

343 994 500 1040 denter
515 1027 530 1050 ,
551 992 860 1040 conservatrix
887 994 1191 1041 thesaurorum
1209 1030 1223 1054 ,
1243 997 1354 1043 ultra
1388 996 1655 1043 femineum*

343 1069 543 1116 modum.
575 1067 663 1114 Usa
694 1068 908 1115 vehiculo
941 1070 1254 1130 carpentario,
1281 1087 1385 1117 raro
1422 1070 1594 1133 pilento
1613 1105 1628 1128 ,

340 1155 463 1202 equo
504 1138 674 1200 saepius.
714 1143 871 1186 Fertur
910 1154 1057 1188 autem
1102 1141 1178 1187 vel
1213 1141 1295 1188 tria
1332 1141 1404 1187 vel
1433 1154 1629 1206 quatuor

340 1213 548 1262 milliaria
577 1214 832 1276 frequenter
860 1232 964 1263 cum
989 1215 1212 1278 peditibus
1240 1217 1489 1264 ambulasse.
1512 1217 1629 1264 Nata

340 1288 405 1336 est
436 1288 738 1350 Hispanorum
768 1289 1044 1352 cupiditate:
1083 1291 1196 1337 bibit
1228 1291 1342 1353 saepe
1370 1307 1472 1338 cum
1499 1291 1629 1338 duci-

339 1361 425 1410 bus
441 1396 455 1419 ,
481 1378 585 1407 cum
614 1361 718 1408 effer
742 1362 847 1410 alias
871 1362 1015 1410 sobria
1037 1381 1048 1410 z
1078 1363 1189 1409 bibit
1208 1364 1340 1423 etiagn
1369 1380 1470 1410 cum
1491 1363 1629 1411 Persis

336 1447 476 1497 atque
498 1433 746 1490 Armeniis,
776 1449 828 1480 ut
857 1451 935 1481 eos
966 1435 1184 1482 vinceret.
1213 1435 1298 1482 Usa
1331 1436 1390 1480 est
1419 1436 1527 1481 vasis
1549 1452 1627 1482 au-

339 1506 428 1554 reis
468 1505 697 1569 gemmatis
729 1506 783 1551 ad
823 1504 1075 1561 convivia,
1109 1504 1269 1565 quibus
1302 1507 1350 1552 &
1386 1505 1626 1566 Cleopatra

340 1578 415 1626 usa
457 1578 529 1625 e‘st.
566 1580 616 1624 In
661 1577 908 1624 ministerio
955 1577 1187 1624 eunuchos
1227 1578 1451 1641 gravioris
1490 1578 1628 1624 aetatis

337 1651 520 1708 habuit,
540 1650 707 1712 puellas
733 1650 865 1697 nimis
884 1667 1015 1697 raras.
1041 1649 1178 1696 Filios
1208 1651 1364 1696 Latine
1392 1650 1516 1713 loqui
1538 1650 1625 1711 jus-

341 1725 477 1782 serat,
496 1725 608 1771 adeo
641 1738 687 1771 ut
713 1727 875 1772 Graece
901 1725 975 1771 vel
1002 1723 1208 1780 difficile,
1230 1723 1305 1772 vel
1334 1740 1436 1770 raro
1462 1725 1628 1787 loque-

337 1810 512 1846 rentur.
537 1797 629 1859 lpsa
643 1797 790 1844 Latini
811 1796 1026 1843 sermonis
1049 1814 1141 1844 non
1165 1795 1486 1859 usquequaque
1506 1797 1628 1861 igna-

337 1888 415 1928 ra,
441 1871 511 1916 sed
543 1884 589 1916 ut
611 1871 873 1933 loqueretur
895 1871 1066 1932 pudore
1094 1870 1330 1918 cohibita.
1360 1871 1628 1933 loquebatur

337 1946 389 1993 &
410 1944 678 2007 AEgyptiace
695 1945 747 1990 ad
761 1943 1009 2006 penetrum
1032 1944 1229 1989 modum.
1255 1942 1463 1988 Historiae
1488 1943 1628 1989 Alex-

332 2016 540 2068 endrinae
569 2029 700 2079 atque
732 2015 977 2062 Orientalis
1009 2015 1067 2060 ita
1098 2016 1261 2076 perita,
1280 2025 1331 2061 ut
1359 2029 1454 2060 eam
1477 2013 1628 2076 epito-

340 2091 475 2142 maffe
499 2091 699 2137 dicatur:
721 2087 920 2134 Latinam
951 2101 1096 2134 autem
1125 2089 1284 2133 Graece
1309 2086 1488 2150 legerat.
1508 2087 1628 2133 Cum

340 2167 467 2216 illam
511 2162 778 2209 Aurelianus
823 2160 1002 2221 cepisset
1022 2196 1035 2216 ‚
1078 2173 1210 2221 atque
1251 2159 1297 2204 in
1342 2158 1627 2219 conspeftum

342 2240 473 2287 fuum
497 2236 668 2282 duetam
695 2234 752 2280 fic
777 2233 1057 2295 appellasset,
1082 2235 1223 2294 Quid,
1252 2251 1276 2277 o
1297 2233 1508 2287 Zenobia,
1525 2232 1629 2290 ausa

345 2329 389 2359 es
414 2312 610 2369 insultare
639 2309 846 2352 Romanis
868 2307 1227 2366 Imperatoribus.
1250 2304 1324 2350 illa
1359 2304 1510 2349 dixiffe
1541 2304 1630 2349 fer-

346 2399 449 2436 tur
477 2387 763 2443 Imperatorem
789 2397 826 2426 te
854 2380 923 2444 effi
957 2381 1184 2442 cognolb0‚
1218 2382 1288 2440 qui
1314 2381 1482 2424 vincis.-
1519 2379 1629 2423 Gal-

341 2461 494 2508 lienum
508 2491 522 2516 ,
550 2453 592 2503 δ’
620 2458 879 2513 Aureolum,
916 2451 958 2500 δ’
984 2469 1127 2500 ceteros
1153 2454 1374 2513 Principes·
1392 2469 1476 2496 non
1497 2466 1626 2511 puta·
