1637 2785
243 156 761 207 'ALEXANDER
809 160 1187 210 SEVERUS
1287 162 1379 228 287

98 282 325 328 nunquam
345 266 490 312 induit
506 301 520 322 ,
538 265 799 312 subsericam
821 283 1049 329 nunquam
1071 268 1269 318 donavit.
1290 271 1380 317 Di-

95 337 219 385 vitiis
255 339 421 385 nullius
453 338 633 385 invidit.
675 355 888 401 pauperes
921 338 1055 399 juvit.
1095 342 1381 402 honorat03‚'

95 428 212 475 quos
235 429 448 476 pauperes
480 429 615 470 vere,
641 428 736 459 non
763 429 840 474 per
873 413 1118 472 luxuriam,
1145 430 1220 463 aut
1247 417 1378 463 (imu-

95 485 306 533 lationem
352 486 494 544 vidit,
530 485 700 545 semper
745 485 895 531 multis
933 488 1185 534 commodis
1219 491 1377 551 auxit,

94 557 228 619 agris,
251 556 389 604 servis
404 592 418 613 ,
438 555 702 603 animalibus
719 590 730 614 ,
747 556 954 619 gregibus
971 592 985 615 ‚
1002 557 1281 607 ferramentis
1303 579 1377 607 ru-

93 627 220 675 sticis.
253 631 300 675 ln
330 627 544 675 thesauris
570 627 732 674 vestem
760 643 988 690 nunquam
1018 629 1095 674 nisi
1119 646 1283 677 annum
1313 633 1378 679 es-

93 700 134 748 se
157 701 297 762 passus
321 702 405 759 est,
435 706 622 764 eamque
643 699 784 746 statim
810 701 1003 762 expendi
1024 701 1155 761 juffit.
1177 705 1376 754 Omnem

93 773 288 831 vestem,
320 790 451 837 quam
485 772 701 831 donavit,
732 772 822 834 ipse
852 773 1103 836 perspexit:
1126 792 1262 824 omne
1293 796 1378 826 au-

93 861 214 903 rum,
249 863 385 894 omne
420 857 680 911 argentum,
715 845 847 908 idque
883 845 1166 910 frequenter,
1204 867 1377 914 appen-

93 918 170 965 dit.
199 919 407 966 Donavit
429 921 479 967 &
500 935 654 966 ocreas
673 954 685 973 ‚
707 919 756 965 &
785 918 965 966 braccas
980 957 994 977 ,
1016 922 1064 967 δέ
1092 924 1374 972 calceamen-

90 1002 133 1038 ta
168 990 281 1038 inter
320 991 580 1038 vestimenta
616 990 835 1037 militaria.
871 992 1084 1054 Purpurae
1126 994 1371 1044 clarissimae

91 1079 185 1111 non
206 1067 260 1113 ad
283 1065 405 1112 usum
429 1065 574 1123 suum,
598 1065 670 1127 sed
694 1065 748 1111 ad
770 1079 1101 1126 matronarum,
1121 1068 1152 1115 fi
1173 1087 1274 1133 quae
1296 1085 1371 1118 aut
1400 1076 1402 1078 ’

91 1138 292 1200 possent,
319 1152 394 1185 aut
417 1140 613 1196 vellent,
636 1133 756 1185 certe
782 1140 836 1184 ad
864 1140 1149 1188 vendendum
1165 1178 1177 1199 ‚
1199 1144 1372 1206 gravis-

91 1210 223 1256 fimus
249 1211 432 1258 exafilor
457 1211 563 1257 fuit:
592 1210 650 1256 ita
679 1222 727 1256 ut
755 1214 1058 1259 Alexandrina
1070 1233 1258 1276 purpura
1286 1218 1372 1264 ho-

91 1280 250 1343 dieque
279 1280 473 1339 dicatur,
493 1297 591 1343 quae
620 1280 762 1342 vulgo
783 1282 998 1328 Probiana
1024 1285 1213 1342 dicitur,
1233 1288 1372 1333 idcir-

91 1369 148 1401 co
179 1353 302 1417 quod
335 1353 543 1400 Aurelius
574 1354 746 1400 Probus
785 1353 960 1415 baphiis
996 1357 1258 1417 praepositus
1279 1395 1292 1417 ‚
1325 1360 1371 1406 id

90 1444 225 1491 genus
239 1428 421 1476 muricis
440 1422 675 1489 reperisset.
691 1426 804 1473 Usus
823 1428 885 1473 est
902 1427 990 1489 ipse
1010 1428 1247 1493 chlamyde
1264 1449 1371 1479 coc-

91 1498 217 1546 cinea
246 1498 374 1560 saepe.
401 1501 449 1545 In
479 1500 587 1545 urbe
613 1511 759 1545 tamen
787 1498 957 1561 semper
985 1511 1161 1563 togatus
1192 1502 1297 1560 fuit,
1318 1506 1371 1553 &

87 1574 135 1621 in
163 1573 296 1620 ltaliae
319 1574 516 1620 urbibus.
535 1574 799 1618 Praetextam
823 1573 871 1618 &
892 1572 1051 1633 pisiam
1074 1586 1224 1638 togam
1244 1594 1368 1623 nun-

89 1664 218 1711 quam
249 1648 328 1693 nifi
358 1647 528 1694 Consul
557 1645 753 1707 accepit:
789 1646 840 1692 &
867 1661 960 1691 eam
991 1645 1199 1708 quidem,
1229 1665 1363 1711 quam

87 1721 141 1765 de
170 1720 297 1766 Jovis
325 1720 494 1781 templo
528 1719 709 1764 sumtam
740 1718 815 1763 alii
842 1734 1027 1779 quoque
1055 1721 1364 1782 accipiebant,

88 1803 162 1837 aut
174 1791 406 1847 Praetores,
419 1805 489 1837 aut
507 1789 735 1836 Consules.
751 1789 938 1849 Accepit
952 1803 1211 1851 praetextam
1230 1792 1364 1841 etiam

89 1881 192 1911 cum
232 1864 349 1911 sacra
387 1863 581 1919 faceret,
624 1863 694 1908 sed
727 1863 837 1909 loco
874 1862 1109 1910 Pontificis
1150 1866 1362 1926 maximi,

88 1953 184 1983 non
215 1937 510 1999 Imperatoris.
543 1936 656 1982 Boni
688 1935 958 1982 linteaminis
993 1939 1220 2000 appetitor
1250 1941 1364 1998 fuit,

88 2012 137 2058 &
156 2009 334 2073 quidem
355 2011 478 2071 puri,
496 2011 669 2067 dicens,
685 2015 738 2057 Si
755 2015 864 2057 linea
886 2014 1034 2057 idcirco
1039 2015 1174 2072 fimt,
1193 2031 1238 2060 ut
1255 2017 1366 2061 nihil

86 2084 271 2143 asperum
297 2084 498 2139 habeant,
523 2085 624 2143 quid
646 2100 745 2143 opus
764 2085 816 2151 ‹3st
831 2088 1055 2144 purpura?
1076 2088 1121 2130 in
1144 2087 1257 2133 linea
1279 2105 1361 2133 au·-

86 2167 175 2202 tem
204 2171 355 2201 aurum
383 2155 497 2201 mitti
513 2191 526 2213 ‚
551 2155 677 2202 etiam
700 2156 966 2202 dementiam
991 2157 1235 2218 judicabat,
1255 2177 1358 2208 cum

84 2228 305 2290 asperitati
332 2229 566 2275 adderetur
591 2229 722 2293 rigor.
759 2230 915 2278 Fasciis
943 2231 1114 2293 semper
1146 2233 1245 2278 usus
1280 2234 1358 2283 est.

85 2304 267 2349 Braccas
294 2302 412 2349 albas
441 2302 620 2362 habuit,
643 2320 735 2350 non
766 2306 1028 2367 coccineas,
1056 2322 1104 2354 ut
1133 2308 1253 2371 prius
1280 2309 1357 2355 so-

82 2373 249 2420 lebant.

147 2445 265 2493 XLI.
291 2447 583 2495 Gemmarum
607 2448 727 2511 quoi
747 2447 852 2517 fuit²
874 2449 1102 2512 vendidit,
1122 2450 1170 2500 &
1196 2452 1355 2500 aurum
