1637 2785
1230 61 1247 83 ζ

402 156 1028 206 HADRIANus
1262 174 1318 225 m

49 266 99 315 δι
127 277 315 314 ceteram
346 276 514 327 partem
544 264 753 326 corporis
782 265 957 312 vidiffet
987 277 1197 326 atterere,
1217 285 1320 334 per-

50 351 277 395 comatus,
300 353 379 384 cur
401 337 441 383 se
473 336 768 384 marmoribus
791 338 1148 401 destringendum
1174 341 1321 401 daret,

50 413 124 459 ubi
153 410 353 469 audivit,
386 410 478 457 hoc
511 411 682 457 idcirco
711 409 834 465 fieri,
870 413 993 474 quod
1025 412 1195 460 servum
1225 432 1322 462 non

48 485 253 539 haberet;
273 485 320 530 δι
343 483 480 530 servis
500 499 599 530 eum
614 483 826 539 donavit,
846 487 893 531 ὅ(
916 484 1139 532 sumtibus.
1165 504 1321 534 verum

49 557 130 605 alia
151 556 219 602 die
244 573 342 604 cum
367 556 513 619 plures
533 556 656 604 senes
677 558 730 603 ad
751 557 1095 620 provocandam
1126 558 1325 608 liberali-

49 642 182 677 tatem
207 629 453 693 Principis,
482 630 639 693 parieti
667 631 707 677 se
739 644 1005 688 attererent,
1034 635 1214 681 evocari
1245 653 1324 682 eos

48 700 187 764 justit,
215 702 266 749 &
295 701 428 748 alium
455 703 511 749 ab
542 703 632 749 alio
664 703 862 751 invicem
887 702 1110 753 defricari.
1144 707 1243 753 Fuit
1277 709 1328 755 ὅτ.

49 775 189 838 plebis
209 774 535 837 jafilantiffimus
558 791 743 824 amator.
765 778 1136 842 peregrinationis
1159 780 1218 826 ita
1246 799 1328 828 cu-

47 845 203 908 pidus,
228 859 275 893 ut
305 847 485 906 omnia,
505 864 603 910 quae
634 848 794 911 legerat
822 849 875 895 de
898 850 1007 897 locis
1029 851 1150 898 orbis
1183 864 1326 900 terra·

50 936 147 966 rum
168 954 183 978 ‚
200 921 390 983 praesens
414 922 550 969 vellet
570 922 805 971 addiscere.
825 924 1006 986 Frigora
1025 925 1072 971 &
1095 927 1342 988 tempesta-s

50 1004 114 1040 xes
149 992 209 1039 ita
242 993 460 1056 patienter
491 994 620 1053 tulit,
649 1007 697 1041 ut
730 1012 958 1058 nunquam
995 1009 1127 1058 caput
1151 1011 1332 1062 tegeret.

52 1065 246 1130 Regibus
277 1066 428 1114 multis
455 1066 695 1129 plurimum
716 1068 898 1114 detulit:
920 1085 944 1114 a
971 1067 1188 1132 plerisque
1218 1087 1335 1118 vero

53 1136 183 1184 etiam
211 1154 362 1200 pacem
396 1139 609 1195 redemit3
643 1156 668 1185 a
699 1140 932 1185 nonnullis
968 1153 1225 1188 contemtus
1260 1145 1334 1193 est.

53 1210 206 1258 multis
241 1211 437 1274 ingentia
471 1212 593 1258 dedit
633 1227 843 1267 munera3
883 1211 955 1258 sed
989 1214 1103 1259 nulli
1137 1213 1335 1274 majora,

53 1300 184 1347 quam
213 1285 506 1342 Hiberorum,
525 1284 597 1332 cui
626 1286 674 1332 &
698 1284 985 1346 elephantum
1002 1320 1015 1341 ,
1035 1287 1084 1334 ὅ(
1113 1286 1335 1350 quinqua-

54 1359 276 1421 genariam
319 1359 586 1417 cohortem,
631 1357 730 1421 post
770 1357 1003 1421 magnifica
1042 1359 1162 1406 dedit
1201 1361 1338 1411 dona·

52 1432 167 1477 Cum
189 1448 210 1478 a
231 1431 517 1479 Pharasmane
545 1431 636 1494 ipse
669 1447 851 1495 quoque
883 1431 1080 1494 ingentia
1110 1433 1230 1480 dona
1257 1451 1338 1482 ac-

54 1503 261 1566 cepisset,
282 1517 415 1569 atque
443 1505 558 1552 inter
588 1506 686 1552 haec
713 1517 886 1551 auratas
915 1521 1099 1567 quoque
1131 1506 1336 1571 chlamy-

55 1577 159 1634 des;
178 1590 405 1625 trecentos
434 1578 602 1624 noxios
631 1594 734 1625 cum
760 1577 923 1623 auratis
944 1578 1264 1642 chlamydibus
1287 1581 1336 1627 in

58 1665 235 1695 arenam
257 1649 372 1696 misit
387 1685 400 1706 ‚
417 1651 473 1696 ad
491 1649 584 1711 ejus
604 1665 788 1695 munera
807 1648 1061 1696 deridenda.

125 1723 291 1768 XVm.
324 1724 440 1769 Cum
477 1722 723 1783 judicaret,
756 1722 802 1768 in
833 1721 1025 1769 consilio
1057 1723 1212 1770 habuit
1241 1739 1337 1774 non

59 1795 230 1842 amicos
254 1794 354 1842 suos
376 1809 451 1841 aut
472 1796 661 1843 comites
684 1795 854 1851 solum,
876 1793 946 1840 sed
970 1793 1339 1858 jurisconsultos,

60 1869 112 1915 &
151 1867 374 1930 praecipue
411 1868 571 1920 Julium
613 1867 790 1914 Celsum
807 1904 822 1924 ‚
858 1862 1056 1914 Salvium
1096 1869 1340 1930 Julianum,

62 1941 293 1988 Neratium
329 1941 550 1999 Priscum,
582 1942 808 2006 aliosque3
833 1957 951 2003 quos
984 1953 1132 1987 tamen
1168 1943 1341 1991 senatus

62 2015 212 2061 omnis
235 2015 474 2077 probasset.
495 2016 743 2062 Constituit
764 2016 879 2061 inter
901 2026 1073 2072 cetera,
1098 2028 1147 2061 ut
1169 2016 1214 2061 in
1238 2019 1340 2064 nul·

60 2089 104 2135 la
124 2089 335 2145 civitate,
356 2089 515 2136 domus
531 2090 689 2153 aliquae
709 2087 1028 2136 transferendae
1051 2089 1104 2133 ad
1125 2089 1252 2135 aliam
1274 2106 1340 2138 ur·

65 2161 167 2208 bem
184 2195 197 2214 ‚
213 2161 348 2209 ullius
369 2162 565 2208 materiae
583 2163 710 2209 causa
731 2161 1023 2207 diruerentur.
1044 2160 1213 2206 Liberis
1236 2178 1341 2220 pro·

66 2232 330 2294 scriptorum
349 2234 636 2281 duodecimas
655 2236 882 2280 bonorum
904 2231 1133 2279 conceffit.
1155 2231 1342 2290 Maiesta-

68 2307 126 2354 tis
145 2307 332 2355 crimina
348 2324 442 2354 non
456 2308 638 2355 admisit.
651 2312 910 2371 ignotorum
932 2304 1192 2351 hereditates
1210 2321 1345 2366 repu-

69 2379 237 2427 diavit:
257 2396 339 2428 nec
362 2394 576 2428 notorum
600 2381 796 2444 accepit,
817 2380 847 2426 fi
867 2379 984 2424 filios
1016 2377 1239 2423 haberent.
1267 2378 1349 2423 De’

70 2451 281 2503 thesauris
302 2453 362 2502 ita
381 2455 529 2512 cavit,
552 2468 625 2517 ut,
642 2455 673 2503 si
694 2454 790 2520 quis
815 2453 862 2501 in
883 2452 961 2499 suo
981 2450 1234 2512 reperisset,
1253 2451 1346 2514 ipse

995 2524 1027 2568 B
1065 2539 1090 2569 2
