1637 2785
418 161 1063 209 HADRIANUS.
1320 180 1371 213 ιι

99 267 204 329 jano
230 266 462 329 acquisitas
494 266 700 329 reliquit:
733 269 783 314 ὅ(
806 267 1057 325 theatrum,
1082 266 1204 330 quod
1231 267 1305 314 ille
1332 268 1382 315 in

101 355 259 399 campo
282 338 448 385 Martio
471 337 706 400 posuerat,
738 349 899 384 contra
928 338 1135 384 omnium
1165 352 1275 386 vota
1301 339 1381 385 de-

100 411 264 458 struxit.
277 412 329 456 Et
349 410 445 456 baec
460 409 640 471 quidem
658 426 714 456 eo
728 409 922 455 tristiora
942 409 1237 469 videbantur,
1254 410 1382 473 quod

99 481 276 538 omnia,
306 499 404 546 quae
437 482 667 544 displicere
700 482 872 529 vidisset
896 482 1169 540 Hadrianus,
1203 485 1384 530 manda-

98 571 141 603 ta
181 556 296 611 fibi,
326 568 374 601 ut
412 555 604 611 faceret,
638 557 821 602 decreto
861 554 1046 616 Traiani
1085 556 1168 602 effe
1211 557 1382 604 {imula-

99 629 186 674 bat.
213 629 327 674 Cum
353 627 756 690 Attiani,praefe&i
780 628 843 676 sui
865 630 914 675 &
937 628 1167 692 quondam
1190 630 1382 687 tutoris,

100 701 346 763 potentiam
380 701 493 747 ferre
520 717 613 748 non
641 701 808 764 poffet,
835 701 954 748 nisus
979 701 1040 747 est
1065 717 1167 747 eum
1193 701 1383 747 obtrun-

99 791 227 822 care:
258 775 330 821 sed
358 788 595 822 revocatus
623 775 714 834 est,
740 774 844 839 quia
872 773 959 835 jam
992 787 1189 837 quatuor
1220 774 1382 820 consu·

98 847 255 894 larium
288 847 543 894 occisorum
569 848 799 910 (quorum
825 847 1004 911 quidem
1034 863 1190 893 necem
1220 846 1264 892 in
1299 850 1385 892 At·-

99 921 208 967 tiani
240 921 424 968 consilia
447 921 743 986 refundebat)
770 921 1054 984 premebatur
1086 918 1272 966 invidia.
1293 920 1384 967 Cui

99 1012 199 1041 cum
229 995 520 1043 successorem
553 995 655 1042 dare
684 1012 778 1041 non
811 995 979 1056 postet,
1008 993 1111 1057 quia
1137 1010 1231 1039 non
1263 1006 1384 1054 pete-

100 1069 201 1123 bat,
229 1070 273 1114 id
307 1069 424 1132 egit,
453 1081 502 1115 ut
533 1082 725 1131 peteret:
754 1082 886 1132 atque
910 1068 988 1115 ubi
1013 1068 1203 1131 primum
1231 1067 1385 1128 petiit,

98 1141 146 1187 in
177 1141 438 1188 Turbonem
476 1141 694 1188 transtulit
729 1141 1022 1203 potestatem:
1065 1159 1165 1188 cum
1203 1139 1384 1204 quidem

99 1212 228 1260 etiam
246 1213 416 1270 Simili,
434 1213 558 1259 alteri
574 1214 784 1277 praefecto
798 1250 811 1270 ‚
832 1214 1069 1276 Septitium
1088 1214 1269 1261 Clarum
1291 1214 1385 1261 fuc-

100 1284 313 1331 cefforem
342 1285 474 1332 dedit.
498 1287 741 1333 Summotis
770 1286 836 1333 his
865 1304 888 1333 a
911 1286 1190 1348 praefectura,
1219 1285 1384 1349 quibus

100 1359 535 1420 debebatimperium
548 1397 562 1418 ,
575 1361 866 1423 Campaniam
885 1359 1211 1422 petitzejusque
1231 1358 1385 1405 omnia

101 1433 269 1494 oppida
296 1432 521 1481 beneficiis
543 1436 593 1481 &
621 1435 936 1497 largitionibus
959 1433 1238 1488 sublevavit,
1263 1434 1386 1494 opti-

101 1523 225 1552 mum
251 1522 476 1569 quemque
498 1507 705 1554 amicitiis
732 1507 817 1554 suis
844 1506 1047 1570 jungens.
1074 1508 1233 1552 Romae
1267 1520 1383 1551 vero

101 1595 349 1644 praetorum
377 1582 425 1639 &
456 1581 692 1629 consulum
725 1581 879 1628 officia
906 1580 1236 1643 frequentavit:
1267 1595 1385 1626 con-

102 1655 241 1701 viviis
272 1654 519 1701 amicorum
545 1654 778 1701 interfuit:
805 1670 946 1717 aegros
970 1654 1037 1701 bis
1060 1667 1194 1701 aeter
1215 1654 1284 1699 die
1300 1689 1312 1708 ‚
1332 1655 1385 1701 &

106 1729 354 1775 nonnullos
392 1729 566 1792 equites
594 1730 828 1775 Romanos
860 1744 911 1774 ac
942 1727 1206 1783 libertinos,
1229 1726 1385 1773 visua-

104 1801 200 1856 vit,
223 1800 391 1847 solatiis
414 1801 609 1858 refovit,
629 1799 826 1847 consiliis
851 1799 1132 1855 sublevavit,
1149 1797 1384 1845 conviviis

103 1873 190 1920 suis
212 1872 382 1935 semper
401 1873 614 1920 adhibuit.
645 1873 798 1919 omnia
821 1872 1012 1934 denique
1039 1873 1092 1918 ad
1113 1871 1277 1933 privati
1300 1871 1385 1918 ho-

103 1944 237 1992 minis
258 1946 443 1991 modum
468 1945 587 1992 fecit.
615 1945 775 1992 Socrui
801 1944 885 1991 suae
906 1946 1105 1992 honores
1129 1944 1384 2007 praecipuos

104 2016 350 2078 impendit,
368 2016 482 2063 ludis
496 2016 768 2080 gladiatoriis
785 2052 798 2073 ,
817 2016 1063 2079 ceterisque
1083 2015 1260 2062 officiis.

169 2092 230 2137 X.
259 2090 360 2137 Post
382 2091 477 2138 baec
503 2091 726 2154 profecius
750 2091 795 2136 in
826 2090 1018 2147 Gallias,
1047 2105 1204 2136 omnes
1231 2088 1387 2136 causa-i

105 2164 181 2211 riis
209 2165 547 2212 liberalitatibus
581 2163 849 2211 sublevavit.
879 2164 984 2210 Inde
1013 2162 1059 2209 in
1094 2161 1383 2209 Germaniam

106 2237 299 2285 transiit:
324 2238 530 2301 pacisque
559 2238 694 2301 magis
722 2254 855 2299 quam
881 2236 986 2283 belli
1017 2235 1227 2297 cupidus,
1260 2234 1384 2280 rnili-

105 2321 222 2368 tem,
257 2310 379 2372 quafi
409 2311 572 2356 bellum
607 2310 889 2367 immineret,
922 2308 1146 2364 exercuit,
1179 2307 1383 2352 toleran-

106 2383 182 2429 tiae
218 2383 499 2430 documentis
529 2400 631 2429 eum
661 2383 891 2436 imbuens
926 2381 1016 2445 ipse
1048 2397 1231 2445 quoque
1265 2381 1382 2426 inter

108 2457 404 2521 manipulares
422 2458 561 2508 vitam
578 2458 814 2506 militarem
831 2457 1084 2521 magistrans
1096 2491 1108 2516 ,
1120 2454 1229 2504 cibis
1249 2453 1386 2501 etiam‘
