1714 2807
311 132 398 185 186
532 135 1405 186 FLAVIIVOPISCI

303 242 607 305 detestabile8‚
644 246 693 293 &
722 245 885 309 (quod
918 244 1068 309 negari
1103 262 1196 295 non
1233 244 1414 310 potest)
1449 262 1599 297 rerum

303 317 583 380 publicarum
610 317 888 382 ignorantia.
913 321 996 366 Sed
1024 335 1108 383 ego
1137 336 1158 366 a
1185 333 1309 383 patre
1335 336 1438 368 meo
1466 322 1599 369 audi·

304 390 384 447 vi,
417 390 763 438 Diocletianum
797 392 1077 455 Principem,
1116 391 1200 453 jam
1232 393 1491 455 privatum,
1527 394 1600 442 di-

300 460 434 518 xisse,
461 465 578 510 nihil
592 463 662 529 effi
692 466 935 530 difficilius,
965 484 1088 528 quam
1117 469 1212 512 bene
1245 468 1455 528 imperare.
1485 467 1603 515 Col-1

302 532 444 598 ligunt
475 536 516 582 se
544 550 742 601 quatuor
779 540 851 586 vel
885 538 1113 602 quinque,
1149 553 1282 602 atque
1315 556 1455 586 unum
1485 552 1602 590 con-i

301 608 446 654 silium
481 609 534 655 ad
569 610 885 673 decipientium
923 614 1243 673 Imperatorem
1281 612 1487 674 capiunt:
1528 614 1602 660 di-

301 694 438 739 cunt,
479 684 606 744 quod
638 684 918 746 probandum
954 684 1030 728 sit:
1064 686 1338 746 imperator,
1363 686 1441 747 qui
1473 684 1601 733 domi

302 752 476 800 clausus
507 754 598 811 est,
634 772 739 801 vera
775 771 868 801 non
902 754 1062 801 novit:
1096 755 1273 818 cogitur
1304 756 1392 802 hoc
1423 769 1600 803 tantum

301 824 439 882 scire,
467 830 589 889 quod
616 827 679 874 illi
712 829 986 890 loquuntur:
1022 827 1125 875 facit
1151 827 1342 890 judices,
1362 846 1477 892 quos
1506 827 1601 876 fieri

301 915 396 946 non
418 912 626 962 oportet:
650 913 836 947 amovet
858 919 881 947 a
901 900 1129 963 republica
1147 937 1158 956 ‚
1178 918 1293 966 quos
1313 903 1500 949 debebat
1516 903 1603 948 ob·

300 974 459 1021 tinere.
490 975 617 1034 Quid
648 976 814 1022 multa?
847 990 895 1022 ut
933 975 1250 1024 Dioclet'anus
1283 976 1373 1040 ipse
1403 978 1603 1034 dicebat,

304 1051 454 1096 Bonus
469 1085 481 1107 ,
502 1068 649 1097 cautus
669 1087 681 1107 ,
705 1052 889 1113 optimus
912 1055 1105 1098 venditur
1123 1053 1360 1111 Imperator*
1385 1051 1491 1098 Haec
1511 1048 1604 1097 Di-

304 1121 520 1166 ocletiani
554 1123 692 1168 verba
719 1123 845 1169 sunt:
875 1139 975 1184 quae
1007 1121 1176 1169 idcirco
1206 1123 1391 1170 inserui.
1420 1135 1464 1166 ut
1493 1138 1603 1184 pru-

305 1193 455 1240 dentia
478 1205 552 1238 tua
570 1193 726 1252 sciret,
746 1194 859 1240 nihil
877 1195 961 1241 effe
983 1195 1206 1242 difficilius
1230 1198 1356 1241 bono
1379 1194 1605 1257 Principe.

389 1268 552 1314 XLIV.
583 1271 638 1314 Et
668 1269 958 1316 Aurelianum
999 1270 1177 1334 quidem
1206 1270 1331 1314 multi
1360 1285 1504 1329 neque
1529 1268 1603 1312 in-

304 1352 370 1385 ter
407 1340 587 1396 bonos,
620 1357 767 1403 neque
804 1341 920 1386 inter
960 1342 1104 1387 malos
1125 1340 1365 1400 Principes
1396 1349 1604 1401 ponunt,

303 1411 506 1470 idcirco,
526 1414 650 1476 quod
684 1414 723 1460 ei
754 1414 986 1461 clementia
1004 1446 1018 1467 ,
1047 1418 1372 1476 lmperatorum
1401 1413 1482 1457 dos
1507 1409 1603 1471 pri-

305 1503 406 1541 ma,
440 1484 643 1534 defuerit.
684 1487 974 1534 Verconnius
1012 1485 1321 1532 Herennianus
1361 1483 1602 1531 PcaefeRus

305 1557 524 1620 praetorio
555 1558 837 1606 Diocletiani
858 1595 869 1609 ,
897 1559 1002 1605 tcste
1023 1557 1350 1619 Asclepiodoto
1366 1595 1377 1612 ,
1403 1557 1512 1616 saepe
1532 1554 1607 1603 di-

306 1629 435 1677 cebat
453 1664 465 1686 ‚
486 1629 831 1677 Diocletianum
854 1628 1112 1692 frequenter
1127 1629 1303 1686 dixisse,
1326 1645 1429 1676 cum
1455 1627 1606 1674 Maxi-

306 1702 444 1748 miani
474 1703 754 1764 asperitatem
790 1703 1164 1760 reprehenderet‚
1195 1703 1474 1748 Aurelianum
1507 1719 1605 1747 ma-

304 1775 369 1836 gis
402 1776 540 1821 ducem
574 1773 644 1838 effi
678 1773 880 1837 debuiffi,
918 1794 1040 1835 quam
1077 1777 1332 1835 Principem.
1369 1790 1470 1819 nam
1508 1772 1607 1834 ejus

306 1847 445 1893 nimia
474 1847 685 1895 ferocitas
717 1848 859 1893 eidem
887 1847 1163 1909 displicebat.
1198 1845 1401 1892 Mirabile
1424 1844 1607 1892 fortasse

304 1920 516 1978 videtur,
546 1922 671 1982 quod
703 1935 987 1983 compertum
1018 1919 1344 1976 Diocletiano,
1372 1917 1606 1980 Asclepio-

304 1991 440 2038 dotus
458 1993 666 2046 Celsino,
689 1993 951 2041 consiliario
974 1992 1053 2039 suo
1075 2028 1089 2050 ,
1108 1991 1261 2038 dixiffe
1280 1992 1505 2054 perhibet:
1532 1991 1605 2038 sed

305 2066 361 2112 de
391 2067 479 2114 hoc
509 2066 670 2128 posteri
698 2066 973 2125 judicabunt.
1005 2066 1200 2113 Dicebat
1229 2064 1348 2112 enim
1366 2102 1378 2121 ,
1406 2064 1606 2128 quodam

306 2151 510 2204 tempore
541 2141 835 2188 Aurelianum
873 2141 1126 2188 Gallicanas
1161 2138 1431 2186 consuluisse
1462 2137 1604 2185 Drui-

306 2213 408 2272 das,
438 2214 751 2269 sciscitantem,
778 2227 929 2261 utrum
962 2214 1076 2276 apud
1103 2212 1199 2272 ejus
1228 2211 1433 2275 posteros
1461 2210 1605 2272 impe-

308 2287 421 2335 rium
446 2289 752 2349 permaneret?
778 2302 869 2334 tum
899 2288 996 2334 illas
1026 2287 1297 2349 respondisse
1324 2285 1469 2343 dixit,
1487 2287 1607 2330 Nul-

310 2365 392 2408 lius
419 2365 575 2410 clarius
598 2364 645 2409 itz
671 2365 879 2425 republica
910 2381 1087 2418 nomen,
1119 2381 1242 2423 quam
1278 2359 1451 2406 Claudii
1469 2358 1603 2424 poste·

310 2455 446 2484 rorum
457 2437 674 2498 futurum.
709 2439 764 2485 Et
789 2436 851 2486 est
883 2436 1061 2501 quidem
1090 2434 1179 2498 jam
1202 2431 1494 2483 Constantius
1517 2434 1604 2487 lin-j
