1714 2807
331 208 423 250 244
556 158 1408 234 FLAV11VOPIS⁷C1

325 297 468 343 literae
482 331 495 351 ‚
514 294 569 340 de
593 292 688 354 ejus
707 289 959 337 honoribus
984 286 1037 334 ad
1058 289 1267 333 Senatum
1296 284 1424 330 datae.
1445 284 1607 329 Probus

326 371 538 438 Augtgstzcs
560 361 836 427 amantiffimo
857 364 1126 422 Senaeuifico
1140 362 1322 421 salutem
1346 360 1462 404 dicit.
1488 359 1609 402 Inter

324 455 496 491 cetera:
515 443 640 485 Felix
667 437 753 503 effet
782 437 915 501 nostra
945 436 1195 495 respublica,
1211 431 1284 495 fi,
1307 431 1446 492 qualis
1477 431 1608 474 Carus

326 517 401 582 est,
421 529 494 558 aut
516 514 692 573 plerique
719 509 910 574 vcstrzism
928 511 1063 566 plures
1089 506 1268 549 haberem
1289 503 1334 546 in
1354 502 1506 547 affibus
1522 503 1608 549 col-

329 593 500 633 locatos.
536 585 677 645 Quare
703 582 906 644 equestrem
926 579 1114 643 statuam
1138 578 1224 620 viro
1255 593 1412 619 morum
1437 589 1609 618 veterum

331 659 404 723 (st
426 658 540 702 vobis
569 654 735 715 placet)
762 656 1047 697 decernendam
1082 649 1218 707 censeo
1235 664 1252 690 .·
1281 646 1429 691 addito
1465 663 1535 701 eo,
1564 657 1610 687 ut

324 732 491 795 publico
504 730 651 790 fitmm
666 763 677 783 ‚
701 731 767 772 vel
786 727 910 770 cidem
938 724 1210 780 exaedificetur
1232 724 1379 765 domus
1395 754 1408 774 ,
1427 735 1608 763 marmo-

331 808 442 852 ribus
471 823 498 848 a
524 822 585 847 mc
618 801 781 845 delatis.
811 799 942 842 Decet
968 796 1077 840 enim
1105 811 1183 838 nos
1214 792 1316 837 talis
1343 792 1611 852 integritatem

331 877 577 925 remunerari
595 875 700 929 viri,
725 873 773 917 δέ
805 869 990 931 reliqua.

393 952 489 995 Vll.
519 952 586 994 Ac
613 963 666 992 ne
695 943 875 991 minima
903 957 1092 1005 quaeque
1128 938 1420 994 comeciam,
1450 936 1499 982 &
1529 950 1612 990 ea,

328 1042 428 1088 quae
452 1022 570 1085 apud
589 1021 701 1068 alios
731 1029 944 1082 poterunt
970 1017 1196 1072 inveniri3
1218 1014 1293 1062 ubi
1321 1012 1513 1075 primum
1539 1026 1614 1056 ac-

330 1096 452 1159 cepit
473 1095 731 1157 imperium,
755 1089 974 1139 consensu
1001 1088 1207 1134 omnium
1229 1085 1419 1131 militum
1446 1081 1614 1129 bellum

330 1170 580 1224 Persicum,
605 1167 733 1228 quod
762 1164 934 1210 Probus
965 1160 1174 1223 parabat,
1197 1156 1418 1221 aggressus
1445 1154 1530 1210 est,
1565 1152 1617 1199 li-

261 1251 265 1254 ’
333 1242 450 1289 beris
471 1238 720 1287 Caesaribus
751 1233 1042 1295 nuncupatis:
1064 1233 1113 1278 &
1136 1231 1193 1276 ita
1221 1229 1427 1292 quidem,
1454 1239 1502 1273 ut
1527 1225 1617 1272 Ca-

333 1317 480 1364 rinum
515 1314 569 1360 ad
602 1311 768 1359 Gallias
796 1309 979 1354 tuendas
1007 1323 1110 1352 cum
1142 1304 1252 1351 viris
1282 1300 1518 1349 leffiffimis
1542 1299 1616 1345 de-

334 1389 542 1443 stinaret3
572 1385 716 1432 secum
749 1397 862 1429 vero
899 1379 1220 1425 Numerianum
1243 1412 1256 1434 ,
1287 1373 1614 1421 adolescentem

333 1478 436 1509 cum
471 1457 774 1512 leffiffimum,
804 1469 900 1499 tum
933 1451 1060 1498 etiam
1103 1447 1457 1502 disertiffimum,
1485 1445 1615 1492 duce—

336 1547 418 1582 ret.
457 1534 512 1579 Et
546 1529 710 1577 dicitur
748 1527 929 1589 quidem
964 1523 1074 1585 saepe
1107 1521 1287 1578 dixisse,
1314 1520 1357 1566 se
1387 1518 1616 1575 miserum,

334 1608 462 1671 quod
485 1604 700 1653 Carinum
730 1601 784 1647 ad
808 1598 977 1646 Gallias
1010 1594 1260 1655 Principem
1294 1592 1517 1647 mitteret3
1543 1605 1618 1636 ne-

334 1696 423 1744 que
447 1679 521 1725 illa
550 1688 652 1723 aetas
679 1674 783 1721 esset
812 1670 1103 1726 Numeriani,
1131 1683 1179 1716 ut
1212 1669 1277 1714 illi
1306 1665 1617 1722 Gallicanum,

335 1752 461 1816 quod
494 1749 688 1796 maxime
718 1744 996 1792 constantem
1027 1740 1279 1802 Principem
1309 1737 1495 1802 quaerit,
1525 1751 1619 1783 cre·

337 1824 517 1869 deretur
546 1819 796 1882 imperium.
822 1818 906 1863 Sed
927 1817 1022 1862 haec
1053 1814 1171 1860 alias.
1196 1813 1312 1859 Nam
1340 1809 1510 1857 exstant
1531 1808 1618 1868 jam

338 1896 480 1942 literae
505 1895 644 1949 Cari,
673 1892 835 1954 quibus
862 1888 980 1951 apud
1013 1885 1265 1933 Praefefium
1295 1883 1421 1929 suum
1451 1881 1505 1928 de
1533 1881 1620 1926 Ca-

339 1967 425 2014 rini
439 1966 640 2013 moribus
656 1964 884 2025 queritur,
901 1973 950 2007 ut
968 1973 1175 2021 appareat
1196 1972 1351 2002 verum
1371 1953 1454 2000 ess'e
1467 1987 1480 2009 ,
1495 1952 1621 2015 quod

341 2038 579 2085 Onesimus
607 2034 739 2091 dicit,
765 2031 957 2078 habuisse
985 2031 1030 2076 in
1056 2028 1209 2076 animo
1240 2027 1436 2083 Carum,
1463 2037 1512 2070 ut
1533 2023 1621 2069 Ca·

341 2113 444 2160 rino
480 2109 729 2157 Caesareum
759 2108 991 2167 abrogaret
1021 2102 1273 2164 imperium.
1305 2099 1389 2145 Sed
1424 2098 1542 2155 haec,
1573 2110 1621 2143 ut

341 2184 566 2239 diximus,
594 2181 697 2227 alias
727 2179 770 2226 in
807 2179 942 2240 ipsius
979 2177 1135 2224 Carini
1169 2175 1262 2222 vita
1298 2172 1482 2220 dicenda
1509 2170 1622 2218 sunt.

339 2259 475 2305 Nunc
493 2256 547 2302 ad
566 2253 770 2300 ordinem
790 2263 1078 2298 revertamur.

423 2332 540 2376 V111.
574 2326 745 2391 Ingenti
775 2336 1013 2388 apparatu,
1054 2325 1103 2369 δέ
1139 2320 1246 2368 totis
1279 2317 1451 2366 viribus
1485 2314 1620 2362 Probi

345 2403 588 2467 profligato
617 2415 774 2461 magna
805 2414 860 2443 ex
891 2410 1013 2458 parte
1044 2394 1164 2442 bello
1188 2389 1460 2444 Sarmatico,
1496 2385 1625 2448 quod

344 2477 549 2542 gerebat,
576 2485 732 2524 contra
759 2469 904 2518 Persas
929 2465 1154 2532 profefms
1170 2499 1185 2523 ,
1205 2462 1330 2511 nullo
1355 2459 1434 2507 fibi
1459 2472 1620 2506 occur-
