1637 2785
331 131 692 180 ANTONINUS
730 132 1136 179 CARACALLUS.
1290 148 1378 197 197

104 239 367 287 mechanici.
406 238 602 300 Reliquit
636 240 685 286 ὅ(
720 239 943 300 porticum
984 239 1119 301 patris
1161 240 1378 300 nomine,

104 329 204 373 quae
224 311 337 375 gesta
368 312 481 357 illius
507 311 786 366 contineret,
811 313 857 358 &
888 311 1166 372 triumphos,
1186 314 1234 361 &
1254 315 1381 362 bella.

104 383 200 444 lpse
237 387 444 430 Caracalli
473 399 639 429 nomen
681 383 851 445 accepit
883 400 908 430 a
947 384 1381 448 vestimento,quod
1419 411 1429 424 κ

102 456 278 517 populo
310 455 515 513 dederat,
543 455 728 502 demiss'o
750 456 953 517 usquead
970 456 1083 503 talos
1101 491 1114 513 ,
1134 457 1257 518 quod
1278 471 1378 504 ante

103 546 198 575 non
227 529 395 577 fuerat:
421 530 540 576 unde
566 530 790 590 hodieque
828 530 1144 577 Antoninianae
1172 529 1380 578 dicuntum·

103 600 328 647 caracalla:
355 600 636 659 hujusmodi,
664 602 708 648 in
731 603 808 648 usu
831 602 1021 650 maxime
1045 603 1264 649 Romanae
1281 602 1381 664 ple-

102 674 171 722 bis
201 675 507 738 frequentatae.
535 676 652 723 Idem
689 676 806 725 viam
840 693 1011 724 novam
1033 677 1258 735 munivit,
1277 693 1381 741 quae

102 746 163 793 est
182 745 259 793 suh
285 745 378 807 ejus
399 747 580 794 thei-mis
595 783 607 806 ,
630 747 946 795 Antoninianis
966 748 1160 808 scilicet,
1181 749 1383 812 quapul-

103 818 252 866 chrius
279 818 393 866 inter
420 820 647 866 Romanas
672 820 838 881 plateas
858 836 952 867 non
981 820 1109 868 facile
1136 821 1381 883 quidquam

102 890 321 940 invenias.
341 894 469 939 Sacra
491 892 605 939 lfidis
627 895 817 940 Romam
840 893 1096 955 deportavit
1111 929 1121 949 ‚
1148 894 1195 940 &
1217 893 1382 956 templa

103 967 271 1030 ubique
295 966 524 1032 magnifica
546 966 686 1013 eidem
709 967 821 1013 Deae
844 966 961 1014 fecit.
987 967 1119 1014 Sacra
1133 966 1265 1013 etiam
1285 983 1383 1014 ma-

104 1038 205 1102 jore
217 1039 467 1087 reverentia
487 1038 748 1096 celebravit,
763 1055 890 1101 quam
911 1054 1009 1085 ante
1033 1038 1384 1089 celebrabantur.

105 1115 156 1159 ln
185 1128 278 1174 quo
316 1113 494 1175 quidem
530 1111 639 1157 mihi
676 1110 835 1157 mirum
865 1104 1070 1169 videtur)
1092 1112 1385 1173 quemadmm-¹

103 1185 210 1231 dum
239 1185 352 1231 sacra
371 1184 489 1231 Ifidis
520 1184 709 1246 primum
737 1199 813 1244 per
839 1182 958 1229 hunc
990 1184 1181 1229 Romam
1213 1182 1382 1231 venisse

104 1258 338 1313 dicantur;
364 1273 464 1304 cum
496 1257 754 1304 Antoninus
781 1257 1062 1303 Commodus
1096 1256 1155 1302 ita
1179 1274 1228 1304 ea
1263 1257 1384 1304 cele<-

87 1330 330 1388 braverit,
360 1344 410 1377 ut
435 1331 484 1377 &
507 1330 688 1376 Anubin
711 1341 937 1393 portaret,
960 1333 1008 1378 &
1035 1330 1186 1392 pausas
1211 1330 1388 1377 ederet:

104 1405 187 1452 nisi
217 1404 248 1451 fi
282 1404 399 1451 forte
424 1403 500 1450 iste
529 1403 696 1450 addidit
724 1404 1002 1462 celebritati,
1038 1421 1131 1452 non
1158 1421 1252 1452 eam
1289 1404 1382 1466 pri-

104 1494 203 1525 mus
242 1476 432 1524 invexit.
464 1478 642 1538 Corpus
677 1475 769 1536 ejus
804 1477 1140 1524 Antoninorum
1178 1477 1385 1539 sepulcro

105 1550 277 1597 illatum
299 1549 358 1597 est
372 1586 386 1607 ,
404 1562 452 1596 ut
468 1566 518 1596 ea
541 1550 659 1597 sedes
676 1550 884 1613 reliquias
903 1549 996 1611 ejus
1014 1550 1264 1613 acciperet,
1284 1566 1385 1614 quae

107 1639 276 1670 nomen
304 1622 544 1671 addiderat.

171 1698 231 1744 X.
259 1695 438 1743 lnterest
454 1696 561 1743 scire
575 1731 589 1753 ,
610 1696 985 1758 quemadmodum
1001 1711 1242 1744 novercam
1264 1696 1387 1744 suam

106 1768 261 1818 Iuliam
290 1785 481 1815 uxorem
508 1770 675 1816 duxisse
696 1771 876 1817 dicatur.
902 1771 1018 1830 Quae
1041 1786 1141 1816 cum
1162 1769 1265 1815 effet
1283 1768 1386 1830 pul-I

105 1841 354 1900 cherrima,
374 1844 423 1890 &
439 1843 658 1906 qualiyper
673 1843 983 1908 negligentiam
1009 1843 1049 1890 se
1071 1841 1261 1889 maxima
1281 1854 1386 1890 cor-i

105 1917 231 1980 poris
261 1928 384 1979 parte
412 1918 609 1966 nudaffet
631 1955 644 1977 ,
678 1919 940 1982 dixissetque
970 1918 1255 1976 Antoninus,
1288 1923 1387 1965 Vel-

108 1995 211 2045 lem,
227 1989 278 2053 st
302 1993 461 2037 liceret:
485 1991 751 2053 respondisse
773 1991 933 2050 fertur,
957 1995 1006 2038 Si
1032 1994 1149 2050 libet,
1175 1995 1277 2038 licet.
1309 1998 1386 2037 An

107 2064 262 2125 nescis,
280 2080 316 2109 te
338 2067 626 2125 Imperatorem
641 2063 710 2130 ff
722 2101 735 2124 ‚
756 2065 798 2112 fr
815 2070 915 2128 leges
931 2068 1028 2111 dare
1041 2099 1054 2122 ,
1071 2083 1156 2111 non
1173 2064 1347 2123 accipere
1359 2063 1388 2107 ἓ

106 2137 220 2196 Quo
250 2136 434 2193 audito,
453 2136 580 2183 furor
608 2138 867 2186 inconditus
884 2138 937 2184 ad
955 2136 1158 2191 effeEkum
1187 2134 1386 2183 criminis

108 2209 354 2256 roboratus
386 2209 474 2267 est,
503 2210 762 2275 nuptiasque
790 2228 861 2259 eas
892 2209 1163 2264 celebravit,
1185 2223 1292 2271 quas
1309 2241 1323 2264 ,
1351 2205 1387 2254 fi

108 2283 238 2330 sciret
259 2282 300 2330 se
326 2282 446 2346 leges
465 2284 593 2342 dare,
620 2301 726 2332 vere
758 2285 878 2332 solus
899 2284 1135 2347 prohibere
1157 2280 1387 2329 debuiffeta

107 2353 299 2400 Matrem
319 2353 438 2400 enim
468 2352 596 2418 (non
619 2355 708 2401 alio
729 2353 915 2401 dicenda
943 2365 1036 2400 erat
1059 2350 1279 2415 nomine)
1298 2351 1387 2412 du-

107 2425 175 2477 xit
194 2442 406 2492 uxorem,
425 2428 480 2478 ad
507 2427 792 2495 parricidi-um
816 2426 966 2494 junxit
987 2426 1230 2476 incestum:
1250 2419 1388 2490 siqui-2
