1637 2785
317 123 678 173 ANTONINUS
713 126 1149 175 DlADUMENUS.
1282 137 1368 194 ης

91 229 229 291 iium,
259 233 520 281 Antoninos
553 233 903 296 cognominatos
932 246 1105 295 putant.
1135 234 1223 280 Sed
1254 236 1376 282 aliud

89 308 168 361 est,
183 324 282 354 cum
297 322 557 368 praenomen
572 304 827 352 adsciscitur
842 325 854 360 3
869 306 1006 364 aliud,
1019 323 1119 353 curn
1137 308 1276 369 ipsum
1291 325 1376 355 no-

93 396 193 426 men
218 380 479 441 imponitur.
509 382 624 424 Nam
653 378 754 425 Pius
781 395 938 424 verum
962 395 1130 426 nomen
1153 381 1377 430 Antonini

89 451 270 508 habuit,
297 467 556 514 cognomen
581 451 676 497 Pii:
701 452 882 496 Marcus
907 466 1065 497 verum
1088 468 1255 499 nomen
1290 457 1377 501 Ve-

90 525 241 572 riffimi
272 525 451 581 habuit3
478 525 548 571 sed
577 525 667 572 hoc
695 524 867 570 sublato
893 538 1026 586 atque
1052 526 1252 582 abolito,
1279 544 1378 574 non

90 617 351 663 praenomen
376 597 624 656 Antonini,
642 597 713 644 sed
735 614 903 643 nomen
926 599 1113 659 accepit.
1135 601 1280 645 Verus
1300 618 1378 646 au-

91 686 178 718 tem
205 671 450 718 Commodi
478 686 645 717 nomen
673 670 849 716 habuit:
877 686 969 732 quo
999 671 1173 717 abolito
1193 707 1206 725 ,
1231 678 1378 719 Anto-

91 745 186 791 nini
215 761 309 790 non
333 758 594 806 praenomen
613 780 627 801 ,
654 742 724 790 sed
749 759 914 789 nomen
941 744 1128 806 accepit.
1149 745 1378 792 Commo-

91 817 197 863 dum
232 830 376 863 autem
410 818 588 862 Marcus
622 815 906 862 Antoninum
938 816 1207 877 appellavit,
1243 828 1377 881 atque

88 889 150 935 ita
182 889 229 935 in
264 889 458 950 publicas
487 887 624 934 edidit
659 887 774 933 diem
811 887 967 953 natalis
997 887 1075 935 sui.
1107 891 1199 935 Jam
1232 892 1378 937 Cara-

92 961 255 1008 callum
287 962 535 1007 Bassianum
577 959 676 1007 satis
708 959 883 1007 constat
918 959 993 1006 vel
1026 959 1186 1006 somnii
1221 962 1376 1022 causa,

89 1034 216 1095 quod
232 1035 422 1080 Severus
440 1033 627 1091 viderat,
647 1049 747 1080 cum
765 1032 840 1079 fibi
855 1033 1139 1079 Antoninum
1158 1035 1378 1083 successo*

91 1122 182 1153 rem
206 1105 467 1166 praedistum
498 1105 710 1158 sensiffen
739 1120 860 1150 anno
890 1105 1071 1151 demum
1107 1107 1376 1154 decimotera

91 1178 158 1224 tio
193 1176 475 1222 Antoninum
516 1175 694 1233 dixisse,
724 1178 908 1238 quando
939 1176 980 1222 ei
1015 1176 1147 1223 etiam
1186 1179 1378 1240 impera·

89 1247 252 1294 toriam
286 1246 496 1292 addidiffe
527 1246 691 1292 dicitur
726 1246 999 1307 potestatem.
1037 1249 1199 1294 Getam
1230 1267 1376 1308 vero,

92 1339 228 1385 quem
256 1321 384 1367 multi
401 1320 684 1366 Antoninum
719 1334 880 1383 negant
905 1320 1067 1367 diuum
1085 1357 1096 1378 ‚
1121 1323 1273 1370 eadem
1301 1342 1377 1371 ra*-

91 1394 218 1440 tione
233 1430 245 1449 ,
267 1411 353 1456 qua
373 1394 619 1440 Baffianum
635 1430 646 1450 ,
665 1394 936 1456 appellatum
951 1430 963 1451 ,
992 1395 1087 1443 satis
1104 1397 1276 1443 constat
1293 1434 1306 1455 ‚
1325 1411 1375 1445 ut

92 1466 207 1527 patri
229 1467 400 1511 Severo
427 1465 708 1521 succederet,
743 1467 864 1527 quod
898 1466 1079 1512 minime
1105 1468 1268 1514 facium
1298 1470 1376 1518 esti

91 1538 196 1586 Post
211 1540 298 1586 hoc
323 1539 412 1600 ipse
431 1539 743 1585 Diadumenus
769 1554 814 1584 ut
839 1543 1230 1586 commendaretur
1250 1559 1375 1590 exer-

92 1612 228 1666 citui,
248 1612 447 1667 Senatui,
481 1614 742 1673 populoque
772 1613 983 1658 Romano
1007 1645 1021 1666 ‚
1043 1632 1143 1660 cum
1172 1615 1274 1661 esset
1299 1618 1374 1663 in—

91 1701 199 1748 gens
217 1684 476 1729 desiderium
496 1683 677 1729 Baffiani
698 1685 964 1743 Caracallae‚
984 1687 1269 1734 Antoninum
1290 1706 1372 1751 ap-

92 1757 306 1820 pellatum
324 1793 334 1811 ‚
363 1757 461 1803 satis
481 1758 667 1803 constat.

161 1831 414 1878 V11.Exstat
439 1830 624 1889 epistola
645 1830 786 1892 Opilii
805 1831 1023 1888 Macrini,
1038 1833 1173 1894 patris
1196 1835 1376 1883 Diadu-

94 1904 243 1958 meni,
273 1920 358 1966 qua
384 1903 602 1966 gloriatur
632 1919 725 1948 non
754 1919 841 1949 tam
871 1903 910 1951 se
937 1907 990 1950 ad
1012 1908 1251 1968 imperium
1277 1928 1377 1968 per—

97 1976 265 2022 veniffe
279 2011 292 2033 ‚
313 1976 507 2038 quiesset
528 1976 742 2022 secundus
762 1977 964 2039 imperii,
980 1995 1112 2040 quam
1138 1982 1264 2042 quod
1283 1986 1377 2028 An÷

94 2048 320 2105 toniniani
345 2048 542 2095 nominis
563 2047 664 2100 esset
683 2063 804 2109 pater
823 2049 983 2106 factus,
1004 2068 1099 2114 quo
1114 2054 1272 2100 clarius
1289 2055 1377 2102 illis

98 2121 373 2183 temporibus
402 2138 497 2167 non
524 2121 667 2167 fuerat
690 2123 763 2168 vel
784 2123 1006 2169 Deorum.
1028 2126 1178 2183 Quam
1209 2128 1378 2187 episto·

95 2194 183 2240 lam
216 2195 472 2257 priusquam
509 2196 736 2252 intexam,
767 2197 874 2242 libet
913 2198 1064 2243 versus
1105 2198 1295 2246 inserere
1330 2202 1378 2249 in

96 2267 404 2313 Commodum
430 2267 591 2324 dicim,
611 2269 688 2331 qui
710 2273 749 2315 le
780 2271 1020 2316 Herculem
1045 2273 1377 2333 appellaverat,

96 2353 147 2385 ut
172 2339 423 2403 intelligant
449 2355 634 2399 omnes,
664 2353 752 2387 tam
779 2342 946 2388 clarum
968 2343 1092 2388 fuiffe
1113 2347 1379 2392 Antonino-s

97 2427 196 2459 rum
225 2427 392 2466 nomen
410 2443 423 2469 ‚
454 2427 503 2458 ut
537 2413 601 2460 illi
629 2431 713 2464 nec
742 2415 949 2463 Deorum
975 2431 1144 2465 nomen
1170 2431 1379 2474 common!

196 2484 370 2545 Scriptrc.
402 2481 465 2533 Η.
496 2490 555 2535 A.
1044 2490 1076 2533 P
