1637 2785
312 119 636 166 OPILIUS
689 117 1122 166 MACRINUS.
1269 135 1365 182 209

89 226 233 290 justit,
255 229 434 291 quoties
462 227 628 273 diceret
652 232 947 284 Antoninum;
969 240 1163 292 tuncque
1188 226 1370 274 attentis

89 304 330 359 omnibus,
354 305 571 347 Antonini
603 317 770 347 nomen
805 305 984 367 Augusti
1016 304 1182 349 ostavo
1216 303 1372 349 edidit.

90 376 175 421 Sed
193 374 470 421 credentibus
488 374 671 430 cunctis,
690 375 816 435 quod
839 377 945 420 octo
961 376 1086 421 annis
1111 375 1373 422 Antoninus

91 447 193 492 Pius
213 447 506 508 imperaturus
524 446 626 492 effet
644 482 657 502 ,
678 447 725 492 &
755 447 829 492 ille
855 446 1128 493 transcendit
1151 448 1271 497 hunc
1291 465 1374 495 an-

93 536 256 566 norum
292 537 526 566 numerum
543 555 556 577 ,
577 521 625 566 &
653 520 852 567 constitit
883 520 1001 581 apud
1021 521 1276 579 credentes,
1302 521 1376 569 vel

95 606 226 647 tunc,
256 593 328 640 vel
356 592 530 654 postea,
552 608 629 654 per
656 605 803 638 vatem
825 592 945 638 aliud
969 592 1257 655 designatum.
1277 595 1378 641 De-

93 668 230 731 nique
247 667 548 712 annumeratis
567 666 801 720 omnibus,
828 665 903 729 qui
924 667 1144 713 Antonini
1166 667 1377 728 appellati

95 741 224 798 sunt,
254 739 289 786 is
317 739 655 786 Antoninorum
697 756 904 785 numerus
940 740 1189 788 invenitur.
1223 742 1383 790 Enim‘e

97 828 212 859 vero
231 813 332 858 Pius
349 812 543 874 primus,
566 814 745 858 Marcus
773 812 1007 870 secundus,
1030 815 1171 859 Verus
1194 814 1381 872 tertius,

96 886 382 933 Commodus
423 900 603 948 quartus
624 922 638 942 ,
674 886 854 948 quintus
903 885 1156 933 Caracallus
1180 923 1193 942 ,
1234 888 1381 936 sextus

100 961 219 1005 Geta
239 993 250 1013 ,
285 958 493 1021 septimus
531 959 866 1014 Diadumenus,
895 959 1080 1005 ossavus
1108 961 1384 1024 Heliogaba-

101 1032 195 1087 lus,
218 1032 439 1077 Antonini
458 1031 590 1077 fuere.
611 1031 708 1077 Nec
729 1032 844 1077 inter
872 1032 1131 1078 Antoninos
1161 1032 1383 1080 referendi

103 1104 202 1150 sunt
231 1104 319 1148 duo
346 1103 590 1159 Gordiani,
612 1103 689 1164 qui
711 1116 786 1148 aut
805 1120 1065 1164 praenomen
1094 1118 1264 1151 tantum
1288 1114 1384 1152 An·-

100 1175 368 1223 toninorum
390 1175 635 1221 habuerunt
650 1210 662 1231 ,
683 1187 759 1220 aut
779 1174 907 1221 etiam
928 1176 1118 1222 Antonii
1139 1179 1243 1224 dieti
1265 1178 1385 1237 sunt,

102 1265 201 1296 non
230 1247 466 1295 Antonini.
495 1248 598 1292 lnde
626 1247 687 1292 est
705 1283 717 1303 ‚
745 1248 868 1310 quod
900 1248 941 1294 se
961 1252 1008 1296 ὃ(
1035 1249 1223 1297 Severus
1241 1255 1386 1306 Anto-

104 1324 251 1366 ninum
273 1318 487 1374 vocavit,
505 1320 553 1366 Sc
580 1319 759 1380 plurimi
787 1318 988 1378 fuerunt,
1011 1322 1059 1368 &
1087 1322 1312 1380 Pertinax,
1331 1326 1385 1372 δε

107 1394 300 1441 Julianus
316 1427 328 1449 ,
353 1394 402 1439 δε
430 1392 543 1437 idem
574 1391 816 1438 Macrinus.
835 1393 888 1437 Et
916 1393 972 1438 ab
990 1394 1090 1456 ipfis
1111 1397 1354 1444 Antoninis
1369 1433 1386 1456 ‚

107 1462 185 1525 qui
217 1462 314 1508 veri
341 1461 608 1508 succeffores
628 1464 850 1508 Antonini
877 1463 1085 1517 fuerunt,
1106 1464 1195 1513 hoc
1216 1484 1387 1516 nomen

109 1537 274 1599 magis,
294 1552 426 1599 quam
449 1535 678 1596 proprium
694 1571 705 1592 ‚
723 1549 944 1582 retentum
973 1538 1047 1583 est.
1065 1539 1172 1585 Haec
1191 1540 1279 1588 alii.
1303 1544 1390 1589 Sed

110 1610 184 1656 alii
204 1609 374 1655 idcirco
396 1612 663 1654 Antoninum
687 1609 1020 1655 Diadumenum
1041 1627 1065 1655 a
1084 1613 1290 1659 Macrino
1311 1629 1394 1677 pa-j

112 1694 178 1726 tre
207 1679 476 1741 appellatum
499 1679 674 1736 ferunt,
696 1694 743 1726 ut
765 1680 954 1741 suspicio
977 1699 1000 1727 a
1028 1684 1236 1730 Macrino
1256 1686 1395 1733 inter-

114 1753 214 1800 fecti
259 1753 482 1799 Antonini
529 1754 714 1799 Baffiani
753 1755 971 1801 militibus
1016 1757 1262 1805 tolleretur.
1300 1762 1393 1809 Alii

115 1842 229 1875 vero
269 1839 441 1871 tantum
477 1826 738 1872 desiderium
772 1827 968 1874 nominis
1008 1829 1136 1890 hujus
1168 1831 1293 1878 fuiffe
1323 1834 1394 1879 di-

116 1913 249 1952 cunt,
275 1914 346 1956 ut,
377 1899 456 1944 nili
486 1900 679 1960 populus
709 1902 758 1948 &
787 1902 949 1947 milites
966 1904 1190 1950 Antonini
1224 1923 1394 1956 nomen

115 1973 349 2029 audirent,
378 1972 613 2033 imperium
646 1989 740 2019 non
775 1988 995 2035 putarent.

183 2047 259 2091 lV.
291 2047 344 2090 Et
371 2045 424 2091 de
453 2045 662 2091 Macrino
693 2047 871 2109 quidem
908 2048 952 2093 in
979 2050 1142 2096 Senatu
1162 2064 1186 2096 a
1213 2053 1360 2100 multis
1381 2089 1398 2113 ,

119 2117 302 2181 quando
342 2117 591 2163 nuntiatum
624 2119 683 2164 est
720 2120 902 2166 Varium
933 2121 1272 2184 Heliogabalum
1306 2128 1397 2172 Im-

119 2201 374 2252 peratorem
389 2224 402 2246 ,
422 2206 522 2236 curn
543 2191 627 2250 jam
652 2192 872 2239 Caesarem
894 2195 1190 2241 Alexandrum
1213 2198 1399 2247 Senatus

121 2259 322 2316 dixisset,
346 2277 396 2305 ea
412 2261 523 2306 dicia
542 2261 639 2307 sunt
654 2297 665 2314 ,
686 2278 733 2308 ut
757 2277 988 2325 appareat,
1011 2265 1254 2328 ignobilem
1270 2303 1283 2323 ,
1308 2269 1401 2315 sor·

123 2333 308 2387 didum,
327 2331 530 2393 spurcum
561 2331 698 2379 fuiffe.
726 2336 873 2381 Verba
903 2336 1097 2399 denique
1126 2340 1295 2385 Aurelii
1325 2341 1408 2387 Vi-

129 2403 298 2461 eloris,
342 2403 413 2450 cui
453 2404 583 2451 Pinio
616 2422 875 2469 cognomen
911 2421 1034 2469 erat,
1064 2410 1162 2458 haec
1195 2410 1407 2461 fuerunt:

207 2478 376 2539 Scriptt.
409 2479 473 2525 H.
503 2481 565 2524 A.
1080 2482 1139 2529 O*
