1714 2807
312 149 401 210 196
536 147 900 193 FLAVII
966 147 1467 241 vomscg‘

306 266 512 315 ademar,
544 263 656 320 quod
689 263 884 306 habemus
910 249 1147 321 Principem
1166 262 1309 321 senem
1327 296 1340 318 ,
1361 280 1488 322 quam
1520 266 1598 310 illa

303 339 490 381 iteremus
505 369 515 389 ,
545 334 864 394 quaeplustyuam
891 335 1157 380 lacrimanda
1176 338 1445 381 tolerantibus
1469 337 1597 400 exsti-

304 423 452 455 terunt.
493 408 669 453 Gratias
709 410 838 468 igitur
870 409 979 453 Diis
1019 409 1326 453 immortalibus
1364 426 1442 470 ago
1476 424 1596 468 atque

302 486 430 530 habeo
447 517 458 533 ,
477 479 518 526 6¹
535 483 698 542 quidem
721 501 801 541 pro
818 481 1006 541 universa
1024 483 1232 541 republica
1247 498 1266 535 ;
1289 496 1399 541 teque
1416 516 1430 537 ‚
1454 483 1595 527 Tacite

303 555 490 620 Auguste
504 589 515 606 ,
544 556 740 599 convenio
756 588 768 610 ,
793 571 932 613 petens
947 588 958 606 ‚
984 555 1196 613 obsecrans
1211 588 1224 607 ‚
1247 555 1367 597 libere
1382 571 1462 612 pro
1480 571 1594 599 com-

301 629 444 674 munis
468 626 616 687 patriae
644 627 800 687 legibus
825 626 1039 685 deposcens
1060 659 1071 679 ‚
1107 644 1156 669 ne
1179 628 1384 683 parvulos
1412 639 1506 670 tuos
1524 624 1598 688 ,si

302 717 340 747 te
365 704 484 747 citius
501 701 605 759 fata
636 702 907 759 praevenerint
925 734 937 754 ‚
948 698 1097 756 facias
1117 699 1309 742 Romani
1332 699 1487 743 heredes
1515 701 1593 743 im-

298 777 404 836 perii
420 793 434 820 .·
455 773 573 836 nefic
588 774 874 832 rempublicam
888 806 899 827 ‚
913 772 1136 832 Patresque
1157 771 1409 831 conscriptos
1423 805 1436 828 ‚
1453 790 1594 832 popu-

305 852 466 908 lumque
486 848 725 891 Romanum
744 881 755 902 ,
786 863 832 891 ιιι
849 848 1041 891 villulam
1059 861 1174 890 tuam
1192 879 1205 901 ‚
1225 860 1272 890 ut
1292 849 1458 890 colonos
1477 846 1614 902 tuos‚'

304 937 350 966 ιιι
377 921 522 980 servos
552 935 643 963 tuos
683 921 899 979 relinquas.
941 918 1080 978 Quare
1111 918 1398 977 circumspice,
1430 917 1594 962 imitare

305 996 497 1048 Nemas,
526 992 739 1049 Trajanos
759 1028 770 1046 ‚
803 995 1067 1037 Hadrianos.
1099 993 1252 1052 Ingens
1281 992 1480 1056 ‹ssgloria
1499 1008 1590 1035 mo*

302 1069 448 1115 rientis
482 1069 696 1127 Principis
719 1101 734 1124 ‚
769 1069 1060 1128 rempublicam
1101 1066 1240 1126 magis
1278 1082 1444 1123 arnare,
1468 1083 1591 1125 quam

295 1144 426 1203 filios.

369 1218 464 1262 V11.
494 1216 590 1263 Hac
619 1215 829 1262 oratione
855 1216 903 1262 δι
939 1214 1125 1261 Tacitus
1169 1213 1259 1276 ipse
1300 1212 1592 1260 vehementer

304 1289 367 1336 est
405 1300 593 1345 motus,
629 1289 676 1335 &
715 1299 838 1333 totus
876 1285 1124 1331 senatorius
1168 1285 1286 1331 ordo
1323 1282 1594 1330 concussus:

303 1363 536 1426 statimque
578 1361 872 1409 acclamatum
912 1360 1003 1406 est:
1038 1362 1230 1416 Omnes,
1273 1361 1444 1405 Orsines.
1483 1357 1590 1404 lncle

301 1439 413 1486 itum
442 1438 497 1484 ad
530 1453 739 1498 campum
769 1434 1014 1482 Martium:
1043 1433 1104 1480 ibi
1140 1432 1369 1481 comitiale
1396 1431 1591 1478 tribunal

301 1510 528 1559 ascendit:
559 1510 621 1556 ibi
643 1510 880 1556 Praefeclus
913 1508 1035 1554 urbis
1066 1508 1205 1554 AElius
1234 1507 1492 1554 Cesetianus
1531 1505 1591 1552 fic

301 1584 481 1631 locutus
507 1583 590 1628 est:
626 1588 743 1639 Vos,
762 1582 1011 1645 sanc‘lq'ffimi
1046 1583 1226 1638 milites,
1258 1578 1310 1626 ἃ
1325 1578 1590 1642 sacratiffimi

301 1675 376 1706 vos
412 1658 626 1718 Quirites,
656 1658 814 1701 habetis
851 1657 1088 1715 Principem
1109 1689 1121 1711 ,
1155 1673 1268 1714 quem
1303 1657 1350 1698 de
1378 1653 1590 1715 sententia

301 1733 490 1776 omniurn
511 1731 756 1774 exercituum
781 1733 963 1773 Senatus
986 1731 1100 1790 elegit
1117 1745 1133 1772 .·
1163 1729 1352 1772 Tacitum
1371 1728 1467 1773 dico
1482 1761 1496 1785 ,
1515 1746 1590 1772 αιι-

297 1801 558 1866 gustfflmum
582 1803 710 1847 virum
725 1837 736 1857 ‚
759 1818 802 1846 ut
827 1804 895 1862 qui
918 1802 1111 1846 lzafflmus
1121 1802 1341 1861 sententiis
1360 1801 1463 1861 suis
1490 1819 1590 1846 rem-

292 1878 510 1936 publicam
529 1874 669 1931 juvit,
698 1874 809 1920 nunc
828 1876 951 1932 juvet
965 1873 1090 1936 juffis
1113 1890 1231 1934 atque
1259 1873 1469 1933 consultis.
1497 1875 1591 1919 Ac·-

301 1948 539 1993 clamatum
572 1948 632 1993 est
658 1964 681 1993 a
713 1949 888 2009 populo
905 1984 919 2007 ,
947 1948 1187 2011 Feliciffirne
1213 1949 1350 1993 Tacite
1381 1948 1561 2011 Auguste
1578 1981 1591 2004 ,

299 2023 389 2067 Dii
407 2022 639 2082 teservent‚
658 2023 707 2068 &
733 2022 902 2085 reliqua
918 2058 931 2079 ,
951 2039 1050 2084 quae
1074 2020 1216 2066 solent
1236 2021 1339 2068 dici.
1356 2021 1459 2066 Hoc
1480 2021 1590 2066 loco

298 2095 538 2140 tacendum
569 2111 664 2140 non
707 2096 796 2152 est,
827 2095 1068 2157 plerosque
1105 2093 1151 2139 in
1190 2093 1336 2140 literas
1370 2092 1592 2151 retulisse,

293 2166 511 2213 Tacitum
532 2167 755 2213 absentem
772 2203 785 2223 ‚
812 2168 924 2214 &in
941 2159 1184 2227 Campania
1215 2165 1407 2227 pofitum
1427 2200 1440 2222 ,
1461 2165 1590 2210 Prin-

297 2239 444 2300 cipem
472 2253 778 2302 nuncupatum
801 2257 812 2285 :
843 2241 968 2302 quod
996 2255 1152 2285 verum
1174 2239 1259 2295 est,
1285 2254 1367 2284 nec
1394 2236 1590 2283 diffimu-

297 2313 387 2360 lare
406 2314 595 2375 poffum.
621 2330 723 2360 nam
754 2330 858 2360 cum
888 2329 1045 2359 rumor
1062 2311 1323 2368 emerfiffet,
1351 2311 1477 2357 illum
1501 2314 1588 2356 lm-

297 2400 551 2449 peratorem
572 2387 656 2433 effe
677 2386 951 2442 faciendum,
968 2386 1182 2442 disceffit,
1200 2397 1335 2446 atque
1354 2384 1400 2429 in
1419 2381 1588 2443 Bajano

297 2460 477 2509 duobus
507 2461 732 2510 menfibus
761 2459 860 2510 fuit.
883 2460 955 2508 sed
982 2459 1087 2507 inde
1110 2459 1319 2507 dedudlus
1335 2492 1351 2518 ,
1383 2456 1492 2506 huic
1525 2455 1589 2503 se-
