1637 2785
338 139 707 186 CLODIUS
755 138 1118 186 ALBINUS.
1275 139 1356 188 181

89 241 245 290 diebus
273 241 359 289 fuit
373 279 386 300 ‚
406 243 530 304 quod
549 242 604 288 ad
627 243 870 289 exercitum
892 243 1148 291 festinanter
1166 244 1364 292 mittere-

86 328 174 363 tur.
205 316 385 364 Deinde
411 318 647 362 Praeturam
667 317 756 379 egit
778 317 857 362 sub
882 318 1147 365 Commodo
1169 319 1364 366 famofis-

85 390 250 436 sunam.
278 389 391 435 Nam
412 387 603 450 ejusdem
630 390 742 435 ludis
769 391 1054 438 Commodus
1084 394 1132 439 &
1158 393 1202 439 in
1230 394 1362 450 foro,

86 463 135 508 &
160 461 205 507 in
235 461 408 506 theatro
434 477 602 522 pugnas
629 461 874 508 exhibuisse
904 462 1170 524 perhibetur.
1191 465 1362 511 Consul

85 549 109 578 a
131 534 297 580 Severo
325 533 571 579 declaratus
599 533 659 580 est
687 550 743 580 eo
771 547 973 595 ternpore
991 571 1004 591 ‚
1028 552 1121 598 quo
1149 537 1360 584 Albinum

83 604 162 651 fibi
191 621 292 651 cum
327 604 569 673 Pescenniq
597 619 828 668 paraverat
856 607 1108 671 subrogare.

149 680 243 724 V11.
275 679 344 725 Ad
371 678 605 739 imperium
640 678 766 727 venit
791 692 896 726 natu
927 679 1010 740 jam
1044 681 1279 742 grandior,
1311 683 1360 729 δε

82 749 225 812 major
247 750 492 797 Pescennio
516 751 687 814 Nigro,
713 764 762 798 ut
788 753 978 799 Severus
998 753 1087 814 ipse
1106 753 1150 798 in
1177 754 1268 800 vita
1287 754 1360 801 sua

82 822 274 869 testatur.
303 823 386 869 Sed
413 824 534 869 vi&0
566 824 835 881 Pescennio,
865 841 965 871 cum
988 824 1152 872 &filiis
1173 826 1256 871 suis
1275 825 1357 873 im-

82 895 254 957 perium
293 896 466 944 servare
508 911 727 959 cuperet,
762 901 811 946 &
850 899 1132 944 voluntatem
1173 900 1357 946 Senatus

82 969 298 1030 majorem
337 972 454 1018 circa
492 972 706 1018 Clodium
745 971 958 1018 Albinum
988 972 1192 1030 videret,
1233 975 1358 1036 quod

80 1044 185 1089 effet
216 1044 285 1091 vir
305 1044 498 1105 antiquae
518 1044 720 1102 familiae,
738 1045 884 1092 literas
907 1046 962 1091 ad
991 1062 1088 1091 eum
1114 1062 1191 1107 per
1215 1046 1355 1110 quos-

81 1116 178 1161 dam
220 1116 377 1162 summi
411 1116 600 1162 honoris
632 1133 683 1164 ac
714 1116 893 1164 summae
919 1116 1168 1164 affeffionis
1202 1119 1317 1166 mifit
1337 1156 1353 1178 ,

81 1191 245 1252 quibus
282 1191 578 1246 hortabatur,
607 1206 683 1249 ut,
701 1191 916 1253 quoniam
943 1192 1116 1239 occisus
1144 1192 1247 1239 esset
1275 1195 1352 1240 Pe-

79 1261 282 1309 scennius
309 1263 473 1325 Niger,
499 1262 591 1326 ipse
607 1280 706 1311 cum
735 1281 791 1310 eo
818 1263 1008 1310 fideliter
1031 1266 1353 1326 rempublicam

77 1347 262 1398 regeret.
283 1336 487 1394 Quarum
507 1336 761 1399 exemplum
781 1336 872 1383 hoc
897 1336 979 1383 effe
1007 1338 1184 1384 Cordus
1200 1338 1353 1385 osten·-

77 1408 173 1455 dit:
202 1410 426 1468 Imperator
449 1412 620 1455 Severus
651 1409 861 1472 Augustus
900 1412 1044 1454 Clodio
1078 1412 1239 1456 Albino
1268 1414 1353 1458 Cae·

69 1482 165 1542 sari
173 1515 186 1537 ,
193 1481 325 1539 fratri
348 1481 621 1544 amantiſjimo
644 1480 685 1528 ὃ
705 1480 1243 1545 destderatiffimo‚salucem.
1271 1486 1314 1527 V
1313 1486 1350 1529 ἰ-

79 1554 138 1598 ‹70
167 1556 390 1615 Pefiemzio
409 1589 424 1610 ,
453 1557 591 1600 literas
618 1556 799 1600 Romam
819 1556 1006 1599 dedimus
1019 1589 1031 1609 ‚
1051 1573 1153 1614 quas
1171 1560 1351 1601 Senatus

76 1626 138 1668 tui
162 1624 460 1686 amantiffimus
483 1628 648 1671 libenter
663 1627 829 1684 accepit.
863 1626 918 1668 Te
937 1625 1065 1684 quaest>
1083 1660 1096 1681 ,
1116 1642 1161 1670 ut
1187 1644 1231 1671 eo
1251 1630 1349 1671 ani·

77 1715 143 1741 mo
179 1699 464 1756 rempublicam
495 1713 609 1757 regas
630 1730 643 1750 ‚
673 1715 751 1756 quo
781 1697 949 1742 dilectius
983 1715 1022 1741 es
1043 1696 1182 1753 frater
1218 1701 1350 1744 animi

75 1773 155 1814 mei
167 1804 179 1824 ‚
190 1769 325 1827 frater
341 1771 515 1830 imperii.
536 1768 819 1831 BqffiarzusG·
842 1770 948 1814 Geta
960 1771 1214 1830 resalutant.
1232 1774 1349 1819 Iulia

73 1843 208 1907 nostra
233 1840 276 1888 <Se
301 1859 360 1897 te,
383 1841 424 1889 δ’
439 1844 619 1903 sororem
635 1844 814 1903 salutat.
832 1842 1053 1901 Infantulo
1076 1860 1147 1889 tuo
1174 1845 1347 1904 Pesceno

73 1918 145 1960 nio
177 1918 325 1960 Prirzeo
358 1933 525 1960 munera
556 1917 685 1976 digna
705 1916 790 1975 suo
830 1920 918 1961 loco
955 1931 1098 1976 tuoque
1127 1919 1350 1965 mittemus.

78 1990 142 2032 Tu
185 1990 305 2032 velim
339 1990 534 2033 exercitas
568 1990 792 2047 reipublicae
827 1996 881 2032 'ac
917 1990 1036 2034 nobis
1068 2004 1263 2047 retentes,
1291 1992 1349 2035 mi

74 2063 270 2107 ziz-anime
283 2097 294 2115 ,
314 2065 372 2107 mi
398 2059 614 2122 cariſjz‘me,
634 2063 694 2106 mi
711 2060 1001 2122 amanciffimeb.

142 2134 257 2178 vm.
298 2134 353 2178 Et
393 2133 469 2178 has
506 2133 685 2194 quidem
722 2133 866 2179 literas
901 2134 1034 2181 miffis
1062 2134 1348 2196 stipatoribus

72 2202 328 2251 fideliffimis
351 2205 469 2252 dedit
486 2241 498 2261 ‚
515 2205 676 2267 quibus
691 2206 901 2268 praecepit
917 2242 929 2263 ,
947 2220 994 2253 ut
1014 2208 1242 2270 epistolam
1261 2225 1347 2270 pu·-

73 2276 187 2322 blice
224 2277 379 2322 darent
398 2312 413 2333 ‚
441 2276 591 2337 postea
625 2294 738 2324 vero
770 2278 967 2335 dicerent
989 2315 1001 2336 ‚
1030 2280 1070 2326 fe
1106 2281 1224 2328 velle
1249 2282 1346 2343 ple-

73 2365 210 2408 mque
235 2350 414 2396 occulte
432 2348 688 2412 suggerere,
708 2369 808 2412 quae
835 2353 889 2397 ad
910 2369 975 2399 res
1003 2353 1183 2400 bellicas
1213 2355 1346 2416 perti·-

72 2434 258 2479 nerent,
283 2423 333 2471 δι
356 2420 411 2468 ad
439 2419 602 2469 secreta
629 2422 873 2472 castrorum
911 2437 1043 2487 atque
1077 2425 1270 2473 aulicam
1299 2423 1349 2476 fi?

985 2497 1037 2542 M
1076 2515 1097 2560 3
