1637 2785
277 139 543 186 CARUS
595 139 1100 187 IMPERATOR.
1253 154 1337 198 :41

65 242 110 292 ni
144 246 453 309 captivitatem
471 280 485 303 ,
510 246 707 293 Gallieni
736 246 986 304 luxuriam,
1011 246 1190 311 triginta
1216 249 1347 293 exiam

66 334 210 380 prope
241 331 544 382 tyrannorum
560 351 573 375 ,
595 318 702 364 caesa
728 318 932 364 civilium
955 321 1152 366 membra
1182 319 1353 367 sibimet

68 390 423 446 vindicantium,
455 390 649 451 perpeffa
680 391 934 437 moeruerit.

131 466 183 510 ΙΙ.
202 465 319 510 Nam
349 463 379 508 si
406 463 620 509 volumus
642 463 698 509 ab
722 477 826 510 ortu
845 464 980 511 Urbis
1000 477 1223 527 repetere,
1243 483 1355 530 quas

69 535 305 581 varietates
325 535 375 581 sit
395 534 506 596 passa
520 536 724 580 Romana
750 534 996 596 respublica
1011 572 1024 592 ,
1043 537 1357 596 inveniemus,

70 609 237 655 nullam
270 608 405 672 magis
438 607 514 654 vel
549 608 683 653 bonis
710 607 929 666 floruisse,
964 610 1035 655 vel
1065 611 1190 656 malis
1227 613 1357 658 labo-

70 681 190 727 raffe.
218 683 300 737 Et,
319 695 366 726 ut
390 696 414 725 a
441 679 643 726 Romulo
661 679 897 741 incipiam,
920 698 1033 728 vero
1063 695 1185 743 patre
1207 700 1258 729 ac
1278 700 1357 744 pa·

71 764 197 799 rente
229 751 515 814 reipublicae,
547 767 646 814 quae
681 752 800 799 illius
837 752 1053 800 felicitas?
1089 755 1167 818 qui
1193 753 1359 801 funda-³

75 823 173 880 vit,
202 822 461 883 constituit,
493 823 819 886 roboravitque
847 826 1195 887 rempublicam,
1226 838 1361 889 atque

75 914 193 945 unus
217 897 423 944 omnium
457 897 749 944 conditorum
773 896 1008 959 perfe&am
1048 899 1218 945 Urbem
1254 898 1363 945 reli-

74 970 207 1033 quit?
235 970 361 1030 Quid
395 969 555 1016 deinde
585 970 778 1016 Numam
809 970 1002 1032 loquar?
1039 970 1116 1033 qui
1147 971 1362 1033 frequen-

77 1055 167 1089 tem
191 1042 336 1100 bellis,
356 1042 404 1089 δι
419 1041 647 1103 gravidam
668 1041 920 1103 triumphis,
935 1041 1162 1089 civitatem
1182 1043 1364 1106 religio³

82 1133 139 1163 ne
166 1115 378 1162 munivit.
405 1114 563 1177 Viguit
594 1114 727 1177 igitur
758 1114 896 1176 usque
923 1115 978 1160 ad
1011 1115 1252 1177 Tarquinii
1279 1118 1365 1162 Su-

82 1190 208 1253 perbi
237 1201 439 1251 tempora
470 1188 620 1234 nostra
642 1188 917 1251 respublica:
946 1188 1018 1236 sed
1047 1189 1162 1251 paffa
1192 1203 1367 1253 tempe-

83 1262 236 1309 statem
262 1262 316 1308 de
335 1261 538 1308 moribus
565 1260 727 1323 regiis,
754 1277 848 1307 non
876 1261 966 1307 fine
987 1262 1114 1326 gravi
1137 1263 1278 1310 exitio
1299 1263 1369 1311 se-

85 1348 176 1382 met
211 1335 303 1381 ulta
333 1334 410 1381 est.
448 1334 666 1382 Adolevit
696 1334 857 1381 deinde
892 1335 1033 1399 usque
1067 1336 1122 1382 ad
1162 1349 1370 1398 tempora

87 1408 309 1457 Gallicani
335 1407 462 1455 belli:
485 1408 557 1455 sed
583 1408 703 1471 quast
726 1409 925 1472 quodam
947 1409 1082 1456 mersa
1104 1410 1368 1474 naufragio,

88 1494 217 1543 capta
237 1493 396 1543 praeter
415 1497 563 1527 arcem
596 1480 749 1538 Urbe,
776 1481 875 1543 plus
905 1498 1032 1544 paene
1070 1482 1177 1528 mali
1212 1483 1369 1542 sensit,

89 1570 220 1616 quam
256 1566 363 1601 tunc
399 1554 511 1600 boni
543 1553 768 1602 habuerat.
808 1554 1019 1600 Reddidit
1047 1553 1089 1600 se
1124 1553 1283 1600 deinde
1323 1555 1372 1602 in
1442 1592 1445 1594 -

91 1627 342 1691 integrum3
373 1628 444 1674 sed
470 1628 669 1690 eousque
704 1641 884 1692 gravata
918 1627 978 1675 est
1009 1627 1186 1675 Punicis
1212 1627 1373 1685 bellis,

91 1717 145 1748 ac
173 1714 346 1747 terrore
365 1701 531 1765 Pyrrhi
545 1736 559 1759 ‚
579 1712 627 1748 ut
648 1700 931 1748 mortalitatis
959 1701 1072 1748 mala
1091 1701 1375 1763 praecordio-

93 1789 190 1819 rum
214 1774 380 1820 timore
401 1773 594 1821 sentiret.

159 1850 233 1895 111.
261 1845 420 1893 Crevit
447 1846 636 1904 deinde,
668 1845 783 1892 viela
818 1845 1108 1909 Carthagine,
1128 1857 1250 1892 trans
1279 1863 1378 1895 ma·-

96 1921 162 1969 ria
188 1919 323 1967 miffis
344 1919 564 1986 imperiis:
593 1918 666 1965 sed
688 1919 924 1967 socialibus
946 1920 1098 1967 affeita
1117 1920 1378 1983 discordiis,

99 2005 345 2042 extenuato
366 1991 587 2038 felicitatis
615 1992 738 2038 sensu
752 2028 765 2049 ‚
785 1994 922 2056 usque
939 1993 995 2040 ad
1016 1992 1265 2057 Augustun‘i
1286 1997 1382 2043 bel-

100 2066 154 2113 lis
181 2064 390 2113 civilibus
403 2062 612 2111 confecta
628 2065 907 2121 ,consenuit.
923 2082 1002 2127 per
1027 2067 1273 2130 Augustum
1303 2069 1382 2115 des

101 2139 208 2186 inde
233 2149 458 2199 reparata;
482 2137 515 2183 fi
538 2153 736 2200 reparata
764 2138 851 2185 dici
879 2139 1046 2201 potest,
1072 2140 1274 2187 libertate
1300 2143 1383 2188 de-

104 2209 262 2274 posita.
290 2223 435 2257 tamen
463 2223 691 2271 utcunque
724 2210 913 2275 (etiamsi
949 2212 1073 2258 domi
1107 2212 1238 2260 tristis
1273 2214 1384 2278 fuit)

104 2284 224 2347 apud
246 2297 414 2331 exteras
433 2298 584 2346 gentes
601 2285 818 2332 effloruit:
837 2286 953 2348 paffa
971 2286 1182 2347 deinceps
1202 2299 1272 2333 tot
1294 2288 1387 2334 Ne·-

105 2373 269 2413 mnes,
301 2373 381 2418 per
408 2356 735 2418 Vespanianum
772 2373 906 2421 caput
933 2358 1100 2405 extulit.
1137 2376 1219 2406 nec
1255 2358 1384 2407 omni

107 2429 203 2478 Titi
233 2429 443 2477 felicitate
472 2430 642 2489 laetata‚
673 2431 932 2481 Domitiani
963 2433 1197 2482 vulnerata
1230 2433 1386 2487 immae

205 2506 375 2567 Scriptt.
403 2506 466 2554 H.
495 2509 557 2555 A.
595 2510 689 2554 Vol.
720 2507 783 2555 II,
1109 2506 1157 2566 Q
