1714 2807
336 148 424 206 146
554 145 950 192 TREBELLII
1001 147 1412 196 POLLIONIS

328 253 495 306 sarem,
526 253 574 299 &
609 252 810 315 Auguslae
843 252 982 314 ipsum
1016 253 1195 300 familiae
1226 256 1332 311 effe,
1367 258 1414 304 &
1450 259 1605 322 Augu'0'

326 325 416 372 flos
449 327 614 371 multos
645 326 698 371 de
726 325 767 371 se
803 326 1032 384 daturum,
1062 327 1198 375 salvis
1229 329 1518 378 Diocletiano
1554 334 1604 380 &

324 396 607 444 Maximiano
630 396 856 459 Augustis,
878 399 926 444 ὅ(
946 397 1040 456 ejus
1060 397 1193 444 fratre
1212 400 1410 447 Galerio.

391 469 469 513 XI.
495 469 577 513 Sed
598 468 700 512 dum
730 468 824 514 haec
849 485 872 513 a
902 468 1030 515 Divo
1057 470 1248 516 Claudio
1275 485 1490 533 aguntur,
1508 472 1606 518 Pal·

322 539 532 603 myreni,
558 541 743 587 ducibus
771 540 880 586 Saba
914 543 960 588 ὅ(
985 541 1258 604 Timogene‚
1278 556 1437 588 contra
1465 545 1605 606 AEgy-

325 614 446 677 ptios
474 614 636 660 belluni
674 614 876 669 sumunt;
906 626 1036 676 atque
1066 615 1120 660 ab
1149 615 1246 672 his,
1268 617 1478 679 AEgyptia
1505 633 1604 678 per-

322 687 496 736 vicacia
508 689 556 734 &
575 686 780 732 indefessa
797 687 1019 749 pugnandi
1032 687 1395 742 continuatione,
1410 689 1604 735 vincun-

323 774 407 810 tur.
437 762 547 808 Dux
572 774 718 806 tamen
747 760 1066 823 AEgyptiorum
1099 761 1317 808 Probatus
1339 761 1605 824 Timogenis

323 834 490 882 insidiis
519 833 780 879 interemtus
808 831 881 877 est.
908 830 1112 895 AEgyptii
1139 848 1252 877 vero
1274 848 1431 878 omnes
1450 832 1490 878 se
1510 833 1604 878 Ro-

321 921 458 954 mano
496 902 758 966 Imperatori
802 902 1096 958 dediderunt,
1127 902 1172 947 in
1203 902 1391 950 absentis
1425 903 1603 951 Claudii

322 981 462 1028 verba
490 977 699 1039 jurantes.
729 975 956 1021 Atticiano
989 978 1039 1023 &
1073 976 1272 1035 Orphito
1303 977 1602 1034 Consulibus,

320 1052 512 1114 auspicia
536 1048 781 1097 Claudiana
805 1049 935 1094 favor
955 1049 1136 1095 divinus
1157 1049 1342 1108 adjuvit.
1361 1051 1474 1096 Nam
1501 1067 1602 1104 curn

320 1127 424 1174 sein
445 1123 801 1170 Haemimontum
824 1121 1066 1167 multitudo
1084 1123 1364 1167 barbararum
1387 1122 1604 1184 gentium,

321 1214 424 1263 quae
451 1194 782 1257 superfuerant,
807 1193 1091 1250 contulisset,
1111 1193 1202 1240 illic
1228 1193 1287 1239 ita
1316 1193 1430 1240 farne
1449 1211 1501 1242 ac
1525 1212 1603 1256 pe-

319 1270 510 1319 stilentia
542 1268 827 1324 laborarunt,
859 1278 907 1312 ut
932 1266 1016 1326 jam
1045 1267 1257 1314 Claudius
1292 1268 1602 1330 dedignaretur

319 1346 371 1393 &
399 1339 819 1401 vincere.Denique
841 1339 1013 1384 finitum
1034 1338 1094 1384 est
1110 1339 1397 1400 asperrimum
1419 1340 1602 1397 bellum,

321 1414 601 1475 terroresque
619 1411 814 1458 Romani
843 1410 1037 1457 nominis
1068 1410 1163 1457 sunt
1189 1412 1365 1472 depulsi.
1388 1414 1504 1458 Vera
1531 1413 1601 1458 di-

323 1491 365 1538 ci
395 1488 501 1534 fides
524 1483 810 1547 cogit3s1mul
831 1497 878 1528 ut
903 1482 1037 1529 sciant
1059 1482 1103 1527 hi
1121 1517 1133 1538 ,
1150 1482 1224 1545 qui
1245 1483 1497 1529 adulatores
1518 1501 1602 1531 nos

320 1558 560 1611 existimari
585 1557 794 1619 cupiunt,
821 1555 864 1601 id
881 1590 894 1612 ‚
915 1554 1038 1616 quod
1068 1554 1249 1600 historia
1274 1555 1363 1601 dici
1385 1555 1603 1616 postulat,

322 1653 420 1683 non
453 1647 609 1680 tacere.
644 1632 711 1676 Eo
745 1643 972 1690 tempore,
1000 1644 1093 1690 quo
1129 1642 1250 1689 parta
1279 1628 1338 1675 est
1369 1628 1496 1689 plena
1529 1630 1602 1675 vi-

325 1707 465 1755 &oria
481 1742 493 1762 ‚
522 1703 722 1766 plerique
746 1702 908 1748 milites
935 1700 1134 1757 Claudii,
1150 1700 1348 1747 secundis
1364 1702 1492 1746 rebus
1514 1701 1601 1748 ela·

322 1781 389 1835 xi,
418 1795 518 1841 quae
546 1774 807 1836 sapientium
833 1789 1014 1836 quoque
1040 1772 1215 1819 animos
1242 1771 1455 1835 fatigant,
1477 1773 1534 1820 ita
1554 1773 1600 1821 in

323 1853 517 1916 praedam
538 1849 649 1895 versi
677 1849 802 1902 sunt,
824 1860 869 1893 ut
887 1863 979 1893 non
1000 1845 1270 1908 cogitarent,
1292 1863 1313 1892 a
1339 1845 1601 1907 pauciffimis

325 1925 369 1971 se
399 1923 519 1985 poss'e
549 1920 748 1982 fatigari,
785 1919 888 1964 dum
916 1917 1124 1979 occupati
1151 1916 1301 1962 animo
1329 1929 1461 1978 atque
1493 1932 1600 1962 cor-

323 1996 511 2060 poribus
529 2029 542 2050 ,
563 1991 815 2039 avertendis
850 1991 1008 2052 praedis
1039 1989 1302 2036 inserviunt.
1330 1989 1521 2051 denique
1551 1990 1601 2036 in

323 2072 417 2132 ipsa
438 2067 619 2113 vi&0ria
641 2081 779 2127 prope
803 2065 892 2109 duo
913 2064 1047 2109 millia
1077 2062 1264 2107 militum
1288 2078 1308 2106 a
1327 2063 1475 2123 paucis
1500 2063 1601 2107 bar—

324 2142 467 2196 baris,
490 2144 537 2186 &
561 2140 635 2193 iis,
661 2139 738 2199 qui
769 2136 991 2200 fugerant,
1025 2135 1247 2181 interemti
1279 2135 1387 2181 sunt.
1418 2136 1500 2180 Sed
1528 2135 1602 2182 ubi

321 2216 416 2260 hoc
432 2212 648 2273 comperit
662 2212 875 2257 Claudius
891 2245 904 2267 ,
925 2226 1102 2267 omnes,
1120 2208 1196 2270 qui
1221 2209 1403 2253 rebelles
1427 2208 1601 2257 animos

322 2288 598 2340 extulerant,
626 2285 852 2331 conducto
881 2282 1076 2328 exercitu
1106 2283 1241 2343 rapit,
1265 2294 1396 2343 atque
1425 2281 1470 2326 in
1500 2279 1602 2324 vin-

325 2360 424 2405 cula
456 2359 647 2403 Romam
679 2356 809 2402 etiam
841 2355 1001 2410 mittit,
1028 2355 1134 2400 ludo
1166 2354 1349 2415 publico
1382 2353 1600 2414 deputan-

321 2429 420 2481 dos.
458 2430 517 2475 ita
553 2430 624 2486 id,
657 2428 781 2492 quod
809 2425 880 2476 vel
907 2426 1119 2486 fortuna,
1154 2425 1240 2489 vel¹
1258 2424 1382 2472 miles
1421 2436 1599 2487 egerat,
