1637 2785
179 408 473 479 JULII
533 408 1224 476 CAPITOLINI

98 619 895 696 MAXIMINI
983 623 1303 699 DUO

661 790 754 832 AD

285 935 898 984 CONSTANTINUM
944 937 1106 987 AUG.

463 1114 944 1133 ——·-—-··—--9

76 1283 108 1329 1.
141 1242 255 1330 NE
284 1279 553 1329 fastidiosum
584 1281 686 1328 efl‘et
706 1280 969 1329 Clementiae
990 1282 1346 1341 tuae‚Constan-

75 1354 166 1401 tine
190 1356 380 1402 maxime
394 1391 406 1412 ‚
423 1355 618 1418 singulos
642 1354 843 1419 quosque
861 1355 1088 1418 Principes
1101 1391 1115 1415 ‚
1132 1356 1207 1404 vel
1224 1358 1348 1403 Prin·

77 1430 228 1492 cipum
264 1429 454 1486 liberos,
480 1445 558 1491 per
575 1428 716 1475 libros
743 1429 936 1492 singulos
961 1430 1104 1493 legere
1123 1465 1137 1488 ,
1167 1429 1350 1477 adhibui

75 1500 434 1548 moderationem
449 1536 461 1557 ‚
483 1517 570 1562 qua
592 1500 637 1546 in
658 1517 794 1548 unum
813 1501 1031 1549 volumen
1054 1503 1169 1551 duos
1199 1504 1350 1550 Maxi-

76 1575 258 1631 minos,
298 1588 464 1636 patrem
506 1571 769 1636 filiumque,
813 1590 1114 1638 congererem.
1162 1576 1351 1623 Servavi

79 1647 289 1708 deinceps
317 1647 440 1693 hunc
479 1645 715 1703 ordinem,
734 1663 864 1709 quem
885 1648 1024 1694 Pietas
1057 1660 1134 1695 tua
1170 1640 1300 1696 etiam
1328 1667 1354 1696 a

78 1721 215 1767 Tatio
243 1720 455 1783 Cyrillo,
475 1719 712 1766 clarissimo
738 1720 841 1769 viro
860 1756 875 1777 ‚
896 1720 971 1783 qui
989 1722 1148 1769 Graeca
1162 1721 1209 1768 in
1231 1724 1354 1769 Lati·

79 1811 189 1842 num
222 1793 386 1851 vertit,
416 1792 582 1839 servari
608 1792 926 1856 voluit2quod
963 1794 1142 1856 quidem
1180 1812 1274 1843 non
1308 1796 1353 1842 in

82 1882 176 1912 uno
201 1878 370 1912 tantum
399 1864 549 1921 libro,
577 1864 646 1910 sed
677 1865 807 1911 etiam
839 1864 885 1911 in
915 1865 1114 1927 pluribus
1146 1867 1356 1930 deinceps

82 1938 358 1994 reservabo3
391 1936 587 1999 exceptis
623 1938 792 2000 magnis
831 1940 1207 2000 Imperatoribus,
1236 1958 1356 2003 quo·

85 2028 182 2057 rum
216 2027 282 2057 res
317 2009 446 2073 gestae
482 2009 627 2070 plures
659 2022 792 2072 atque
830 2009 1068 2069 clariores,
1103 2012 1357 2075 longiorem
1383 2021 1411 2056 s*

86 2083 332 2130 desiderant
363 2094 546 2128 textum.
577 2081 849 2129 Maximinus
880 2082 1026 2130 senior
1052 2083 1129 2130 sub
1159 2085 1360 2132 Alexan-

85 2158 172 2202 dro
202 2158 472 2216 Imperatore
498 2153 672 2200 enituit.
700 2152 891 2201 Militare
917 2168 1063 2202 autem
1085 2154 1164 2201 sub
1192 2156 1361 2204 Severo

87 2228 244 2289 coepit.
269 2228 355 2273 Hic
376 2227 429 2273 de
449 2225 554 2273 vico
574 2225 776 2273 Thraciae
791 2262 804 2284 ‚
835 2226 992 2274 vicino
1014 2227 1236 2288 barbaris,
1257 2229 1362 2275 bar·

87 2301 195 2346 baro
224 2299 357 2346 etiam
390 2311 512 2359 patre
548 2299 598 2344 &
635 2312 771 2345 matre
805 2298 1004 2360 genium
1031 2314 1223 2360 quorum
1253 2300 1364 2346 alter
1389 2300 1393 2306 ’

91 2388 115 2419 e
142 2371 335 2429 Gothis,
363 2371 473 2417 alter
498 2387 554 2417 ex
586 2370 766 2427 Alanis,
785 2371 957 2435 genitus
982 2371 1065 2417 effe
1095 2371 1366 2433 perhibetur.

90 2447 147 2492 Et
174 2443 287 2507 patri
316 2443 495 2506 quidem
525 2459 690 2489 nomen
720 2443 895 2504 Micca,
913 2443 1041 2490 matri
1062 2444 1218 2492 Ababa
1242 2443 1366 2493 fuiffe

186 2520 361 2579 Scripct.
393 2518 456 2566 H.
489 2522 547 2565 A.
584 2520 677 2564 Vol.
710 2519 770 2562 Il.
1035 2517 1075 2562 A
1113 2532 1138 2562 2
