1637 2785
324 167 823 217 ANTONINUS
877 173 1064 221 ptus,
1267 194 1329 239 47

116 272 215 320 ΧΠ.
244 272 388 319 Multa
419 272 472 318 de
499 271 596 332 jure
630 274 802 322 sanxit:
838 277 1022 342 ususque
1041 280 1101 327 est
1124 280 1231 341 juris
1252 300 1328 344 pe-

51 343 176 403 ritis,
201 343 388 390 Umidio
416 346 567 402 Vero,
592 345 746 392 Salvio
778 349 962 396 Valente
980 383 995 405 ‚
1020 353 1207 400 Volusio
1231 357 1330 402 Me-

49 418 175 464 tiano
195 451 210 474 ,
238 417 384 480 Ulpio
412 419 632 466 Marcello
654 456 666 478 ,
698 422 747 468 ὅ(
779 423 1014 472 Jaboleno.
1043 427 1292 476 seditiones
1312 467 1335 489 ,.

48 490 309 553 ubicunque
346 489 478 537 saetas
500 527 515 548 ,
546 508 638 539 non
678 493 938 542 crudelitate
957 531 971 554 ,
1001 496 1073 543 sed
1113 502 1328 550 modestia

47 562 97 608 &
121 561 336 625 gravitate
364 563 633 624 compressit.
665 565 783 612 Intra
813 566 945 614 urbes
987 567 1160 630 sepeliri
1197 589 1326 618 mor-

45 645 150 682 tuos
183 635 344 682 vetuit.
371 637 571 682 Sumtum
605 638 866 701 muneribus
901 642 1175 704 gladiatoriis
1202 644 1327 691 insti-

45 707 148 755 tuit.
167 709 506 757 Vehicularium
532 710 705 758 cursum
741 713 905 761 summa
926 715 1152 780 diligentia
1179 717 1331 765 suble-

45 780 186 828 vavit.
218 782 439 830 Omnium
463 820 476 844 ,
510 800 612 846 quae
640 785 793 848 geffit,
821 789 870 835 ὅ(
901 788 946 834 in
974 789 1136 837 Senatu
1167 792 1216 839 &
1245 809 1325 854 per

42 853 183 901 edicta
210 855 427 903 rationem
450 856 654 903 reddidit.
676 858 808 904 Periit
828 876 949 907 anno
979 860 1325 927 septuagesimo:

41 925 114 973 sed
152 929 270 991 quali
308 929 564 987 adolescens
599 931 864 978 desideratus
895 934 970 985 est.
1008 937 1139 983 Mors
1174 951 1324 986 autem

40 998 137 1061 ejus
165 1001 263 1047 talis
291 1002 416 1049 fuisse
441 1016 656 1050 narratur.
692 1005 807 1050 Cum
833 1005 1049 1066 Alpinum
1079 1008 1249 1056 caseum
1277 1012 1323 1057 in

40 1087 173 1119 coena
201 1074 351 1121 edisset
379 1074 556 1121 avidius
575 1111 587 1133 ‚
626 1076 756 1123 nofle
786 1075 1046 1136 rejefitavit3
1079 1092 1210 1144 atque
1241 1082 1323 1130 alia

41 1144 113 1192 die
138 1145 261 1194 febre
294 1161 550 1195 commotus
573 1148 660 1197 est:
685 1151 812 1197 tertia
833 1151 904 1198 die
922 1187 934 1208 ‚
967 1169 1067 1200 cum
1086 1153 1126 1201 se
1147 1155 1326 1218 gravari

39 1217 236 1275 videret,
262 1221 420 1267 Marco
446 1222 684 1269 Antonino
718 1225 1038 1285 rempublicam
1075 1229 1122 1275 &
1156 1227 1324 1284 filiam,

38 1291 330 1352 praesentibus
362 1294 606 1355 praefeffis,
645 1299 1017 1357 commendavit,
1054 1303 1325 1348 Fortunam-

38 1379 130 1426 que
159 1379 367 1421 auream,
386 1382 486 1428 quae
514 1367 559 1423 in
586 1361 802 1416 cubiculo
831 1371 1089 1434 Principum
1111 1373 1224 1436 poni
1253 1373 1324 1420 so-

38 1435 192 1494 lebat,
232 1436 460 1484 transferri
496 1439 550 1485 ad
587 1457 692 1488 eum
728 1442 885 1502 juffit:
925 1445 1095 1508 fignum
1133 1447 1320 1493 tribuno

11 1554 14 1556 ,
37 1507 377 1571 aequanimitatis
405 1510 551 1558 dedit:
577 1524 710 1576 atque
735 1514 793 1561 ita
813 1516 1059 1562 conversus
1078 1517 1196 1579 quasi
1217 1518 1319 1562 dor·

35 1580 196 1637 mirer,
227 1581 425 1643 spiritum
457 1584 681 1644 reddidit,
711 1588 830 1649 apud
864 1589 1063 1636 Lorium.
1104 1589 1318 1636 alienatus

35 1649 83 1697 in
112 1652 256 1708 febri,
279 1655 389 1701 nihil
416 1656 563 1716 aliud,
590 1675 723 1720 quam
754 1661 807 1705 de
835 1661 1089 1723 republica,
1107 1664 1155 1709 ὅ(
1177 1664 1229 1708 de
1250 1664 1318 1708 his

35 1725 423 1790 regibus‚quibus
454 1729 751 1789 irascebatur,
772 1733 950 1780 locutus
982 1734 1056 1781 est.
1088 1736 1318 1784 Privatum

35 1800 355 1860 patrimonium
377 1801 481 1848 filiae
500 1803 690 1866 reliquit.
710 1806 972 1855 testamento
992 1821 1138 1855 autern
1159 1825 1316 1856 omnes

32 1871 137 1920 suos
169 1873 321 1936 legatis
354 1875 527 1924 idoneis
559 1877 818 1939 prosecutus
848 1879 922 1927 est.

97 1948 216 1994 XIII.
245 1947 342 1994 Fuit
372 1947 532 1996 statura
565 1950 734 1996 elevata
761 1950 967 1998 decorus.
994 1951 1065 1998 sed
1089 1968 1190 1998 cum
1212 1952 1315 1999 esset

31 2017 192 2081 longus
224 2020 274 2068 &
301 2019 459 2077 senex,
479 2021 884 2084 incurvareturque
903 2059 916 2079 ,
939 2023 1121 2070 tiliaceis
1152 2025 1314 2070 tabulis

29 2089 77 2136 in
109 2092 288 2152 pestere
318 2093 476 2155 positis
504 2093 796 2152 fasciabatur‚
827 2109 874 2141 ut
903 2097 1044 2143 recius
1072 2097 1312 2144 incederet.

30 2163 176 2211 Senex
206 2166 362 2225 etiam,
396 2179 630 2230 antequam
667 2169 927 2215 salutatores
960 2170 1197 2225 venirent,
1234 2187 1312 2231 pa·-

30 2251 131 2283 nem
165 2237 327 2286 siccum
368 2241 598 2296 comedit,
631 2242 684 2287 ad
716 2242 1011 2288 sustentandas
1041 2244 1174 2288 vires.
1213 2244 1312 2288 Fuit

31 2322 150 2354 voce
177 2325 307 2356 rauca
333 2311 380 2357 &
408 2311 601 2367 sonora,
629 2329 728 2359 cum
755 2312 1043 2372 jucunditate,
1075 2318 1113 2359 A
1146 2316 1310 2361 Senatu

31 2378 180 2427 Divus
207 2382 268 2428 est
307 2383 552 2444 appellatus
576 2421 592 2442 ‚
627 2386 794 2432 cunetis
828 2387 1027 2432 certatim
1064 2387 1310 2433 annitenti-

28 2451 145 2511 bus,
173 2470 277 2503 cum
295 2471 453 2504 omnes
480 2455 574 2518 ejus
597 2457 802 2521 pietatem
816 2493 831 2517 ,
850 2459 1129 2509 clementiam
1144 2494 1159 2521 ,
1180 2460 1307 2524 inge-
