1714 2807
333 123 428 204 24?
539 143 768 190 AELII
832 144 1409 191 SPARTlANl

331 270 402 301 res
430 269 508 314 per
534 270 716 301 omnem
744 254 911 302 Italiam
939 254 1111 317 judices
1139 256 1381 304 constituit.
1413 257 1614 318 Quando

333 325 382 372 in
413 325 610 373 Africam
640 327 796 384 venit,
826 327 881 374 ad
920 328 1160 376 adventum
1190 329 1316 390 ejus,
1353 330 1452 392 post
1483 331 1617 393 quin-

331 399 577 463 quennium
592 399 707 463 pluit
719 414 876 464 :atque
892 401 995 448 ideo
1011 402 1066 448 ab
1086 402 1311 451 Africanis
1325 402 1508 450 diIeEIus
1525 402 1601 451 est.

391 473 558 519 XXIII.
578 472 820 537 Peragratis
840 473 940 520 sane
957 490 1032 520 om
1041 475 1171 521 nibus
1186 475 1310 522 orbis
1329 475 1527 537 partibus
1544 492 1617 522 ca-

334 544 428 607 pite
447 546 568 591 nudo
582 581 596 604 ‚
622 548 671 594 δι
690 548 738 593 in
759 546 941 595 summis
961 548 1222 611 plerumque
1243 549 1462 596 imbribus
1485 563 1618 612 atque

336 615 612 681 frigoribus,
642 618 688 665 in
718 620 929 668 morbum
969 621 1127 668 incidit
1159 622 1364 669 letalem:
1398 621 1618 684 saciusque

333 690 390 737 de
407 689 649 737 successore
677 690 919 751 sollicitus,
943 693 1138 755 primum
1167 695 1221 741 de
1249 694 1469 743 Serviano
1493 693 1620 756 cogi-3

335 761 474 816 tavit,
495 779 627 826 quem
658 764 834 827 postea,
855 778 904 812 ut
933 765 1156 822 diximus,
1185 766 1302 812 mori
1334 766 1509 829 coegit:
1530 768 1619 812 Fu-'

334 834 483 894 scum,
512 837 640 899 quod
667 837 934 900 imperium,
957 838 1179 901 praesagiis
1202 840 1250 885 &
1274 838 1458 887 ostentis
1478 838 1618 900 agita-

335 919 406 954 tus
426 944 440 966 ,
473 908 691 971 speraret,
716 911 764 957 in
793 910 962 958 summa
991 911 1282 958 detestatione
1303 910 1485 957 habuit:
1505 911 1620 957 Plaea

335 980 506 1027 torium
534 983 760 1044 Nepotem
777 1019 791 1042 ,
818 1000 954 1046 quem
982 995 1216 1044 tantopere
1237 995 1338 1030 ante
1366 983 1548 1041 dilexit,
1568 993 1619 1029 ut

337 1050 528 1099 veniens
565 1055 620 1100 ad
648 1071 750 1102 eum
792 1069 1084 1118 aegrotantem
1115 1055 1400 1115 Hadrianus,
1437 1055 1621 1117 impune

335 1140 433 1171 non
466 1125 774 1174 admitteretur
791 1163 806 1187 ,
834 1128 1161 1192 suspicionibus
1193 1129 1406 1176 adduitus
1425 1164 1439 1187 ,
1459 1128 1620 1176 eodem

340 1197 512 1245 modo:
542 1200 591 1246 ὃ(
619 1199 882 1246 Terentium
918 1201 1219 1249 Gentianum:
1251 1204 1301 1248 &
1333 1201 1452 1248 hunc
1484 1200 1621 1248 vehe-

334 1271 555 1330 mentius,
587 1273 712 1336 quod
737 1290 760 1319 a
780 1273 931 1320 senatu
960 1274 1082 1338 diligi
1110 1286 1214 1322 tunc
1243 1274 1438 1321 videbat.
1460 1289 1619 1321 omnes
1687 1329 1690 1331 Α

334 1344 566 1407 postremo
583 1381 598 1404 ,
619 1346 672 1392 de
699 1363 891 1409 quor-um
921 1347 1114 1410 imperio
1145 1348 1388 1412 cogitavit,
1407 1349 1525 1411 quaIi
1544 1348 1619 1396 fu-

335 1431 467 1466 turos
494 1422 820 1482 Imperatores,
844 1421 1080 1468 detestatus
1111 1422 1187 1469 est.
1217 1424 1273 1468 Et
1305 1437 1486 1468 omnem
1515 1421 1617 1483 qui-

334 1492 438 1538 dem
468 1491 561 1539 vim
591 1493 865 1540 crudelitatis
892 1493 1104 1557 ingenitae
1134 1493 1270 1557 usque
1297 1510 1354 1540 eo
1382 1494 1581 1555 repreffit
1601 1529 1618 1553 ‚

336 1564 486 1612 donec
514 1565 561 1611 in
591 1566 699 1613 villa
719 1567 956 1614 Tiburtina
986 1568 1221 1630 profluvio
1246 1567 1468 1630 sanguinis
1490 1584 1618 1629 paene

336 1638 394 1685 ad
425 1637 593 1683 exitum
622 1637 764 1685 venit.
788 1652 896 1685 tunc
925 1640 1062 1685 libere
1084 1638 1352 1685 Servianum
1371 1673 1384 1695 ‚
1411 1638 1533 1701 quafi
1552 1638 1621 1685 af-

336 1714 598 1760 fectatorem
626 1712 828 1775 imperii,
857 1713 983 1775 quod
1012 1711 1150 1758 servis
1181 1710 1310 1774 regiis
1334 1727 1510 1758 coenam
1531 1711 1620 1762 ini-3

335 1785 479 1841 fisset,
505 1785 631 1847 quod
663 1785 708 1829 in
737 1784 859 1830 sedili
884 1786 1007 1849 regio
1039 1785 1160 1845 juxta
1189 1785 1349 1832 lectum
1379 1785 1527 1847 posito
1550 1784 1619 1831 sed

335 1857 490 1914 differ,
512 1856 636 1918 quod
661 1857 828 1904 erectus
848 1858 902 1903 ad
929 1857 1139 1904 stationes
1161 1857 1351 1903 militum
1379 1856 1511 1902 ser-,ex
1534 1873 1618 1903 no·

338 1929 604 1994 nagenarius
644 1929 914 1992 processiffet
932 1965 947 1988 ,
976 1930 1095 1976 mori
1125 1929 1305 1992 coegit:
1344 1929 1492 1975 multis
1521 1928 1619 1976 aliis

335 2001 582 2051 interfectis
599 2039 614 2059 ,
641 2001 715 2049 vel
745 2015 937 2064 aperte,
958 2003 1033 2049 vel
1068 2019 1146 2065 pet·
1175 2002 1350 2048 infidias
1373 2020 1383 2048 :
1410 2002 1618 2064 quando-

333 2076 515 2140 quidem
535 2075 667 2123 etiam
690 2076 849 2122 Sabina
869 2092 1012 2131 uxor,
1033 2092 1126 2122 non
1153 2075 1240 2121 fine
1276 2074 1421 2121 fabula
1452 2075 1617 2123 veneni

332 2149 426 2196 dati
466 2149 520 2197 ab
558 2149 815 2206 Hadriano,
845 2148 1048 2196 defunfta
1085 2149 1158 2196 est.
1198 2150 1331 2195 Tunc
1373 2148 1616 2208 Ceionium

336 2224 676 2281 Commodum,
697 2222 874 2285 Nigrini
906 2239 1145 2286 generum,
1176 2221 1444 2268 insidiatoris
1466 2236 1616 2283 quon-

333 2297 438 2342 dam
471 2295 564 2354 sui,
596 2294 742 2343 forma
770 2296 1132 2342 commendatum
1155 2330 1167 2351 ‚
1200 2295 1412 2356 adoptare
1449 2291 1616 2341 consti-

333 2369 435 2417 tuit.
473 2369 721 2432 Adoptavit
761 2369 1149 2433 ergo‘Cejonium
1186 2367 1490 2415 Commodum
1522 2369 1616 2412 Ve-

331 2457 458 2503 rum,
484 2441 643 2493 invitis
672 2442 917 2490 omnibus:
947 2457 1136 2506 eumque
1157 2444 1323 2490 AElium
1351 2444 1499 2488 Verum
1527 2441 1615 2492 Cae-‚
