1714 2807
306 149 393 193 160
510 145 739 192 AELII
804 147 1375 196 SPARTIANI

300 269 355 297 ne
383 251 512 297 nobis
546 251 799 309 Antonini,
827 253 926 299 Pius
958 254 1007 301 &
1032 256 1234 313 Marcus,
1257 253 1439 301 numina
1462 251 1569 301 Rei·

300 323 524 384 publicae,
555 336 822 382 occurrant,
855 326 1087 373 veniamus
1129 328 1182 372 ad
1215 326 1406 389 genitos.
1446 322 1570 386 Quid

298 399 456 444 Marco
476 396 648 444 felicius
679 396 845 454 fuiffet,
868 398 898 443 fi
923 399 1227 445 Commodum
1249 416 1340 445 non
1368 398 1571 461 reliquis-

299 470 361 517 set
389 470 629 517 heredem?
651 471 775 529 Quid
803 473 973 517 Severo
1002 472 1300 533 Septimio,s1
1328 472 1570 518 Baflianum
1601 524 1604 527 ,

301 560 394 590 non
425 544 674 607 genuisset?
695 545 772 606 qui
803 544 943 590 statim
972 545 1272 592 insimulatum
1293 546 1471 592 fratrem
1505 544 1573 590 in-

299 615 503 661 fidiarum
526 630 683 662 contra
719 617 758 662 se
785 616 1078 678 cogitatarum
1098 651 1111 673 ,
1135 616 1402 678 parricidiali
1440 615 1574 663 etiam

298 687 517 752 figmento
554 689 807 736 interemit:
833 690 908 748 qui
941 706 1215 747 novercam,
1241 706 1423 737 matrem
1462 689 1573 752 quin

299 759 467 816 immo,
496 761 542 805 in
560 758 684 818 cujus
718 760 809 805 fimi
839 762 1000 805 Getam
1024 758 1163 806 filium
1195 760 1288 820 ejus
1310 760 1573 814 occiderat,

300 848 487 879 uxorem
507 833 659 878 duxit:
682 833 755 891 qui
777 833 1065 894 Papinianum
1087 832 1192 893 juris
1212 833 1405 896 asylum,
1423 835 1472 880 &
1494 832 1576 878 do-

301 904 450 950 &rinae
486 905 636 966 legalis
667 905 944 964 thesaurum,
967 907 1092 966 quod
1123 905 1407 965 parricidium
1438 921 1575 950 excu—

302 977 392 1023 sare
413 977 642 1034 noluisset,
663 978 830 1024 occidit
845 1013 857 1033 ,
875 978 925 1023 &
947 977 1199 1038 praefeffium
1225 978 1401 1039 quidem
1423 977 1574 1033 suum,

302 1066 357 1096 ne
395 1049 568 1094 homini
607 1066 683 1109 per
716 1049 757 1096 se
795 1052 842 1096 &
876 1067 952 1109 per
988 1051 1215 1097 scientiam
1255 1051 1374 1097 suam
1411 1065 1575 1114 magno

301 1121 462 1169 deess'et
487 1123 536 1167 ὃ(
562 1121 762 1183 dignitas,
803 1123 1043 1186 Denique,
1072 1137 1116 1169 ut
1147 1124 1227 1169 alia
1257 1125 1458 1170 omittam
1477 1158 1491 1180 ,
1519 1116 1576 1169 ei<

301 1194 431 1252 hujus
456 1195 655 1240 moribus
678 1193 837 1239 sachun
859 1210 997 1256 puto,
1022 1211 1069 1242 ut
1098 1198 1287 1242 Severus
1312 1196 1479 1242 tristior
1507 1195 1576 1242 vir

301 1269 357 1313 ad
385 1267 537 1313 omnia
555 1301 568 1322 ,
598 1267 737 1311 immo
771 1266 899 1312 etiam
932 1268 1185 1322 cmdelior,
1212 1268 1309 1330 pius
1334 1269 1382 1315 &
1416 1267 1575 1330 dignus

301 1340 512 1386 Deorum
540 1336 747 1384 altaribus
778 1338 1028 1386 duceretur.
1056 1339 1131 1401 qui
1165 1339 1343 1401 quidem
1373 1338 1575 1384 divinam

301 1411 493 1459 Sallustii
527 1412 777 1457 orationem
800 1447 813 1468 ,
848 1428 933 1474 qua
965 1412 1150 1471 Micipsa
1186 1411 1302 1459 filios
1336 1413 1389 1458 ad
1422 1428 1575 1472 pacem

302 1487 532 1542 hortatur,
552 1485 808 1545 ingravatus
827 1486 990 1531 morbo
1012 1486 1166 1532 misisse
1190 1485 1283 1532 filio
1305 1485 1467 1531 dicitur
1486 1501 1576 1530 ma-

304 1559 407 1619 jori.
436 1558 571 1620 idque
597 1557 767 1605 frustra.
789 1563 812 1582 ³*
832 1559 880 1605 &
906 1559 1134 1604 hominem
1166 1572 1336 1605 tantum
1361 1557 1577 1603 valetudi-

306 1648 374 1678 ne.
415 1630 540 1676 Vixit
570 1630 762 1691 denique
791 1632 837 1674 in
870 1631 980 1676 odio
1009 1631 1167 1693 populi
1194 1631 1269 1676 diu
1290 1630 1575 1686 Antoninus,

306 1719 565 1766 nomenque
593 1703 706 1748 illud
732 1702 920 1748 sanEtum
951 1720 1002 1751 ac
1026 1704 1275 1750 venerabile
1303 1704 1409 1760 diu,
1431 1704 1577 1749 minus

305 1790 499 1823 amatum
519 1776 606 1822 est:
635 1777 840 1837 quamvis
870 1778 918 1823 &
949 1778 1206 1823 vestimenta
1237 1778 1412 1838 populo
1444 1777 1576 1823 dede-

306 1850 392 1904 rit,
424 1848 575 1912 (unde
610 1851 849 1894 Caracallus
880 1849 941 1894 est
970 1846 1154 1912 dieius)
1177 1852 1223 1895 δε
1259 1849 1445 1895 thermas
1481 1866 1576 1895 ma-

307 1920 680 1985 gnificemiffimas
715 1920 883 1968 fecerit.
922 1923 1069 1967 Exstat
1099 1925 1198 1968 {ane
1231 1925 1390 1967 Roma:
1422 1921 1577 1974 Severi

307 1993 532 2056 porticus,
561 1994 674 2055 gesta
703 1994 794 2052 ejus
824 1995 1103 2055 exprimens,
1129 2011 1152 2040 a
1180 1992 1275 2040 filio
1299 2030 1313 2052 ,
1343 1994 1577 2057 quamplu-

308 2066 426 2111 rimo
457 2066 651 2121 decore,
680 2066 847 2111 struem.

371 2138 514 2184 XXu.
546 2138 677 2199 Signa
707 2137 861 2183 mortis
880 2136 972 2197 ejus
1002 2138 1095 2185 haec
1119 2137 1310 2185 fuerunt.
1334 2137 1424 2200 Ipse
1457 2136 1576 2184 som-

308 2210 453 2256 niavit
469 2246 483 2267 ‚
506 2224 696 2271 quatuor
716 2211 872 2272 aquilis
900 2212 947 2257 δε
966 2225 1189 2273 gemmato
1215 2228 1374 2269 curru,
1395 2227 1578 2273 praevo-

310 2283 444 2338 lante,
466 2281 615 2328 neseio
633 2298 718 2343 qua
733 2318 745 2339 ,
762 2282 928 2345 ingenti
949 2283 1137 2329 humana
1162 2283 1329 2345 specie,
1344 2285 1397 2329 ad
1413 2284 1578 2330 coelum

312 2355 352 2400 se
380 2369 554 2415 raptum
571 2389 583 2408 ‚
607 2370 794 2416 cumque
816 2367 1069 2415 raperetur,
1089 2357 1316 2419 ofioginta
1339 2357 1388 2402 ὅ(
1410 2372 1577 2403 novem

311 2443 523 2473 numeros
550 2425 835 2489 explicuiffe,
867 2424 1007 2489 (ultra
1039 2442 1152 2490 quot
1185 2442 1329 2474 annos
1357 2443 1411 2474 ne
1440 2443 1578 2474 unum
