1714 2807
750 139 1220 191 INDEX.

408 250 592 294 Eleusinia
617 249 717 289 sacra
747 261 762 289 1
780 278 791 296 ‚
815 261 873 298 14·
900 260 986 297 270.

412 308 458 346 de
484 305 670 356 Eligendo
701 303 872 352 Principe
908 300 1103 341 contentio
1135 299 1232 337 inter
1265 295 1404 336 milites
1432 298 1467 337 &
1497 296 1621 338 Sena-³

357 371 438 400 tum
463 375 509 408 2,
534 359 620 412 183.
645 357 810 408 eligendi
827 355 1010 406 Principis
1031 353 1192 405 potestas
1216 352 1344 392 Romae
1367 351 1421 391 ad
1438 352 1622 391 Senatum

358 414 468 456 rediit
494 428 528 461 2,
542 427 628 453 200.
662 425 734 463 205
759 412 813 465 Je'q.
1673 439 1676 443 .

415 467 639 517 Eloquentia
655 465 784 505 celfior
815 478 827 502 1
842 493 853 512 ‚
880 477 938 518 33.
961 464 1010 503 ob
1032 460 1291 513 eloquentiam
1306 461 1541 500 Numeriano
1555 459 1624 498 sta-

358 529 422 562 tua
450 522 566 572 polita
592 535 633 571 2,
662 535 749 571 247.

413 575 600 617 Emiffena
627 573 714 613 urbs
740 572 943 613 Phoeniciae
968 584 1007 617 1,
1039 584 1126 618 214.

412 630 516 680 apud
551 627 736 669 Emessam
775 626 945 666 Zenobia
989 631 1132 674 pugnat
1169 624 1205 662 &
1248 621 1400 671 fugatur
1441 635 1463 661 2
1486 651 1500 670 ,
1540 634 1623 676 172.

361 682 547 726 Emessam
571 681 788 722 Aurelianus
816 678 1024 729 ingreditur
1051 678 1170 715 vic-ior
1194 690 1237 723 2,
1266 689 1347 725 ¹72·

415 736 593 778 Emisseni
611 750 631 775 a
648 734 780 774 Bausta
810 731 1013 772 crudeliter
1039 729 1159 768 habiti
1186 744 1206 767 2
1223 760 1236 775 ,
1257 727 1318 777 84.

414 790 616 840 Encolpius
650 786 865 827 Alexandro
899 786 996 836 Imp.
1033 781 1327 823 familariffimus
1358 795 1400 831 1,
1423 783 1510 837 269.
1534 783 1627 826 vita÷

362 858 448 885 rum
479 844 635 894 scriptor
662 844 703 888 1',
729 855 816 893 294.

348 934 353 937 .
416 900 556 940 Ennius
587 911 626 941 1,
655 909 712 947 ¹7·
741 897 821 943 ejus
848 893 896 933 de
920 893 1100 942 Scipione
1124 891 1266 931 dic'tum
1289 904 1336 938 2,
1371 904 1455 945 143·

415 952 584 1003 Ephesiae
615 950 745 989 Dianae
770 947 955 998 templum
986 945 1179 984 incensum
1211 960 1258 994 2,
1286 945 1349 997 87.

417 1005 552 1057 Ephefi
583 1005 701 1044 Verus
727 1015 882 1042 uxorem
911 1000 1066 1051 suscepit
1094 1013 1107 1038 1
1127 1032 1139 1050 ‚
1163 998 1226 1052 83.

415 1059 746 1111 Epigrammatarii
774 1056 937 1107 AEgyptii
964 1070 1009 1101 2,
1039 1069 1126 1108 233.

415 1113 594 1165 Episcopi
623 1109 755 1152 Christi
777 1110 930 1161 Serapin
956 1108 1086 1148 colunt
1115 1123 1136 1148 2
1152 1137 1163 1157 ,
1184 1122 1272 1162 233.

416 1168 610 1218 Epictetus
634 1180 675 1212 1,
705 1164 764 1205 18.

356 1227 359 1229 ’
417 1222 576 1272 Epirum
604 1218 752 1270 Scythae
779 1224 1027 1269 pervagantur
1056 1233 1098 1263 2,
1118 1229 1179 1268 93.

418 1275 584 1326 Epistola
621 1274 804 1314 Hadriani
834 1273 883 1311 ad
919 1270 1002 1311 Cos.
1032 1271 1080 1310 de
1109 1268 1369 1321 Iligyptiorum
1403 1266 1570 1308 moribus
1594 1269 1632 1308 dt

369 1330 500 1370 studiis
523 1344 566 1378 2,
583 1340 670 1379 233.
697 1327 820 1367 Marci
837 1327 884 1364 de
904 1325 1024 1365 Caffio
1045 1338 1059 1363 1
1077 1355 1089 1372 ‚
1113 1324 1173 1377 89.
1190 1339 1264 1386 ι92.
1288 1323 1338 1375 96
1354 1324 1410 1376 sq.
1433 1323 1480 1362 ad
1500 1322 1633 1372 praese-
1710 1365 1714 1373 1

371 1387 476 1432 etos,
498 1384 546 1421 de
579 1382 718 1422 Albino
746 1395 761 1420 1
781 1411 793 1427 ‚
821 1380 907 1432 183.
944 1380 991 1418 de
1023 1377 1211 1418 Pescennii
1249 1378 1354 1426 Nigri
1390 1377 1637 1425 laudibusr,

374 1438 460 1488 167.
482 1437 662 1477 Faustina:
686 1435 733 1475 ad
758 1435 934 1474 Marcum
955 1432 1003 1471 de
1032 1431 1152 1471 Caffio
1184 1445 1198 1470 1
1216 1461 1227 1478 ‚
1242 1432 1305 1484 96.
1330 1431 1414 1468 Veri
1437 1431 1484 1469 de
1511 1429 1635 1469 Caffio

374 1506 417 1540 1,
438 1490 500 1543 89.
523 1490 646 1531 Avidii
674 1488 784 1529 Canii
805 1488 852 1527 de
880 1487 1000 1527 Marci
1024 1485 1181 1536 imperio
1214 1498 1252 1533 1,
1277 1499 1338 1538 99.
1363 1483 1567 1523 Commodi
1585 1482 1635 1521 ad

359 1545 548 1598 *Albinum
564 1574 575 1592 ,
600 1556 674 1594 quo
698 1542 803 1582 illum
833 1541 1011 1581 Caesarem
1035 1540 1223 1579 renuntiat
1251 1552 1263 1576 1
1281 1567 1291 1584 ,
1319 1551 1404 1586 177.
1431 1538 1479 1576 ad
1505 1538 1638 1587 praese-

373 1602 452 1640 cros
482 1599 531 1638 de
555 1597 691 1638 Albino
726 1611 740 1635 1
758 1627 769 1644 ,
798 1595 882 1635 188.
913 1594 1036 1635 Severi
1065 1594 1111 1632 de
1138 1600 1313 1641 corrupta
1341 1591 1491 1630 militari
1527 1590 1639 1630 disci.

371 1653 499 1705 plina,
526 1654 562 1692 &-
582 1651 688 1702 Nigri
712 1649 887 1690 laudibus
917 1663 931 1688 1
951 1678 963 1694 ,
997 1649 1078 1688 166.
1105 1647 1152 1686 ad
1187 1646 1364 1686 Albinum
1388 1645 1563 1684 insidiosa
1590 1657 1606 1682 1
1623 1673 1636 1691 ,

378 1706 462 1747 181.
486 1707 534 1746 ad
558 1708 735 1747 Senatum
765 1718 780 1742 1
798 1735 809 1753 ‚
841 1703 924 1754 185.
948 1702 1106 1741 Macrini
1130 1701 1178 1739 ad
1206 1701 1385 1740 Senatum
1407 1713 1422 1737 1
1438 1729 1449 1747 ‚
1476 1711 1563 1738 211.
1588 1697 1639 1736 ad

375 1762 578 1811 conjugem
609 1774 622 1798 1
640 1791 650 1805 ,
685 1759 769 1798 226.
794 1757 1020 1796 Diadumeni
1047 1756 1094 1794 ad
1119 1764 1262 1804 patrem
1294 1767 1308 1791 1
1331 1783 1343 1801 ‚
1368 1767 1455 1804 227.
1488 1752 1538 1791 ad
1561 1764 1641 1790 ma-

375 1827 469 1853 trem
499 1829 513 1853 1
530 1844 541 1861 ,
574 1828 659 1864 227.
687 1811 888 1852 Alexandri
912 1811 959 1849 ad
984 1809 1224 1849 Mammaeam
1251 1819 1407 1846 matrem
1433 1821 1480 1851 2,
1503 1805 1564 1845 26.
1590 1805 1640 1845 ad

377 1868 556 1908 Senatum
582 1867 630 1906 cle
662 1866 852 1906 Gordiano
884 1879 934 1911 2,
969 1876 1028 1914 34.
1060 1861 1261 1902 Maximini
1291 1861 1338 1900 ad
1374 1861 1554 1900 Senatum
1591 1860 1642 1898 de

374 1922 532 1962 vicioria
555 1920 779 1961 Germanica
805 1935 847 1966 2,
878 1932 936 1958 12.
969 1919 1016 1956 ad
1043 1916 1162 1955 filium
1190 1931 1234 1963 2,
1257 1930 1318 1962 42.
1348 1915 1395 1952 ad
1421 1914 1641 1963 praefeclum

374 1975 487 2017 Urbis
513 1975 560 2014 de
584 1972 900 2014 senatusconsulto
932 1973 1047 2010 tacito
1075 1986 1118 2018 2,
1142 1984 1204 2019 40.
1244 1969 1423 2008 Gordiani
1453 1969 1499 2007 ad
1525 1967 1641 2007 Sena-

378 2038 460 2069 tum
490 2043 538 2078 2,
565 2029 624 2068 16.
661 2029 708 2067 ad
738 2026 952 2067 Misitheum
976 2026 1142 2064 socerum
1175 2038 1219 2069 2,
1249 2036 1306 2074 51.
1338 2022 1445 2061 Decii
1473 2021 1522 2059 ad
1550 2033 1645 2070 prae·

373 2083 493 2123 fidem
514 2082 666 2132 Achajae
691 2083 738 2120 de
762 2081 922 2121 Llaudio
946 2094 989 2126 2,
1020 2092 1104 2131 151.
1127 2078 1314 2116 Valeriani
1346 2077 1383 2114 in
1412 2075 1541 2114 laudes
1568 2075 1642 2114 Po-

377 2136 500 2176 stumii
522 2136 654 2187 scripta
681 2150 701 2174 2
716 2167 728 2184 ,
754 2148 837 2186 ¹03·
860 2135 906 2173 ad
932 2133 1146 2180 Ragonium
1175 2131 1324 2170 Clarum
1347 2130 1393 2168 de
1414 2128 1554 2168 Balistae
1571 2126 1644 2166 sol-

377 2189 484 2230 lercia
509 2205 555 2238 2,
581 2204 664 2230 120.
693 2189 741 2228 ad
766 2190 879 2239 Syria:
906 2196 1210 2237 procuratorem,
1239 2185 1286 2223 de
1310 2183 1469 2223 Claudio
1495 2197 1531 2229 2,
1554 2180 1640 2229 148.

377 2246 425 2284 ud
450 2243 668 2296 praeferstum
685 2241 791 2281 suum
815 2242 862 2281 de
877 2242 1012 2280 eodem
1038 2255 1079 2287 2,
1102 2253 1186 2290 150.
1211 2239 1257 2276 ad
1283 2236 1484 2276 Consulem
1502 2236 1549 2276 de
1573 2237 1644 2273 llu-

379 2297 509 2337 reliani
535 2297 730 2337 severitate
757 2311 802 2343 2,
831 2309 915 2349 159.
943 2296 990 2334 ad
1015 2294 1234 2345 preelectum
1263 2292 1401 2338 Hibis,
1434 2292 1475 2328 in
1513 2289 1644 2328 laudes

381 2351 567 2391 Aureliani
604 2351 735 2400 scripta
779 2351 859 2395 ibid.
905 2350 952 2388 ad
994 2347 1231 2388 Aurelianum
1255 2375 1266 2392 ‚
1301 2358 1373 2395 qua
1411 2344 1485 2382 dux
1528 2343 1644 2379 totius

382 2404 568 2445 exercitus
599 2405 833 2444 constituitur
858 2417 901 2450 2,
929 2403 1011 2441 161.
1034 2402 1082 2439 ad
1112 2401 1330 2450 preelectum
1351 2397 1464 2436 aerarii
1487 2410 1531 2441 2,
1560 2396 1654 2441 162.

370 2460 431 2499 :ad
455 2459 598 2510 filium,
625 2467 667 2499 ut
692 2457 854 2499 Probum
890 2458 1069 2506 juvenem
1101 2454 1270 2494 imitetur
1295 2466 1338 2502 2,
1364 2464 1450 2491 210.
1477 2449 1524 2488 ad
1554 2460 1646 2500 [118-
