1714 2807
372 176 436 224 90
550 158 967 206 VULCATH
1020 161 1475 209 GALL1CAN1

369 270 524 322 vivere,
553 285 675 328 quam
711 268 853 313 liberos
885 269 1037 314 Marci.
1069 268 1178 316 Haec
1207 268 1259 315 de
1293 269 1443 315 Caffio
1477 270 1649 328 Verus;

371 341 468 386 haec
494 340 691 386 Marcus·

431 413 502 457 111.
526 411 612 457 Sed
638 427 722 458 nos
743 409 940 457 hominis
964 423 1170 458 naturam
1197 412 1247 460 &
1274 429 1421 460 mores
1448 413 1649 462 breviter

364 482 703 544 explicabimus.
737 500 880 546 neque
915 482 1034 529 enim
1067 485 1188 545 plura
1221 485 1274 531 de
1311 486 1378 532 his
1407 486 1504 532 sciri
1543 487 1648 548 pos-

365 555 492 612 sunt,
521 573 716 618 quorum
742 556 879 603 vitam
897 555 1109 602 illustrare
1132 557 1281 604 nullus
1311 560 1465 617 audet,
1486 576 1645 608 eorum

364 628 518 684 causa,
539 647 562 675 a
583 631 746 693 quibus
782 630 975 692 oppreffi
1001 631 1181 680 fuerint.
1212 633 1436 681 Addemus
1470 647 1646 692 autem,

361 702 738 764 quemadmodum
765 703 820 748 ad
851 703 1086 764 imperium
1126 705 1324 762 venerit,
1359 708 1406 752 ὃ(
1438 707 1646 768 quemad-

363 775 548 821 modum
575 776 624 821 fit
654 775 855 832 occisus,
888 778 934 823 &
958 777 1032 822 ubi
1066 777 1222 824 vitius.
1249 778 1468 840 proposui
1496 779 1644 838 enim,

363 847 654 895 Diocletiane
676 848 869 910 Auguste
884 884 895 905 ‚
916 865 1072 895 omnes
1087 885 1100 903 ‚
1119 850 1193 911 qui
1216 853 1536 914 Imperatorum
1559 870 1642 898 no-

364 938 466 967 men
489 921 581 968 five
603 922 711 982 juste
731 921 822 968 five
847 921 1004 982 injuste
1021 923 1297 980 habuerunt,
1313 923 1357 968 in
1380 924 1525 970 literas
1542 923 1642 971 mit·

360 1007 481 1044 tere,
508 1009 555 1040 ut
585 1009 742 1039 omnes
773 1007 1041 1056 purpuratos
1074 995 1297 1057 Augustos
1327 995 1640 1058 cognosceres.

363 1066 461 1112 Fuit
503 1066 571 1112 his
602 1066 828 1121 moribus,
858 1078 906 1112 ut
945 1081 1271 1126 nonnunquam
1303 1078 1406 1110 trux
1436 1067 1485 1114 ὅ(
1518 1066 1641 1126 asper

360 1142 589 1189 videretur
606 1158 624 1200 ,·
642 1141 882 1205 aliquando
920 1140 1037 1186 mitis
1070 1142 1118 1187 &
1148 1141 1288 1195 len?s;
1319 1141 1429 1203 saepe
1456 1141 1640 1204 religio-

358 1212 427 1260 sus
445 1250 456 1268 ‚
477 1214 582 1259 alias
601 1225 861 1259 contemtor
876 1211 1302 1268 sacrorum33vidus
1325 1212 1441 1269 vini,
1459 1214 1639 1265 interim

357 1287 606 1343 abstinens;
628 1287 715 1333 cibi
748 1301 985 1348 appetens,
1012 1288 1060 1333 ὅ(
1090 1286 1248 1333 inediae
1279 1287 1473 1349 patiens;
1493 1290 1639 1335 Vene-
1702 1334 1705 1336 ,

356 1359 417 1406 ris
445 1360 656 1421 cupidus,
689 1362 735 1406 ὅ(
763 1359 969 1406 castitatis
990 1372 1177 1406 amator.
1205 1377 1288 1406 nec
1323 1360 1529 1416 defuere,
1557 1360 1637 1423 qui

355 1431 482 1477 illum
512 1435 739 1477 Catilinam
763 1443 1013 1477 vocarent:
1045 1448 1146 1477 cum
1178 1434 1227 1478 ὅ(
1256 1432 1345 1493 ipse
1379 1433 1419 1478 se
1444 1434 1502 1479 ita
1527 1449 1637 1495 gau-

354 1503 478 1549 deret
502 1505 741 1566 appellari,
762 1504 952 1558 addens,
967 1504 1220 1564 ficturumfi
1239 1507 1428 1567 Sergium
1444 1504 1519 1568 ‚fi
1538 1507 1636 1562 dia-

353 1580 540 1644 logistam
566 1575 794 1640 o«‚‘ci'cz¹z'ffic„⁸
821 1576 1103 1622 Antoninum
1140 1577 1230 1622 hoc
1254 1577 1438 1622 nomine
1466 1574 1635 1638 fignifi-

348 1665 484 1706 cans,
516 1651 593 1713 qui
615 1663 785 1695 tantum
812 1649 972 1695 enituit
1003 1648 1051 1694 in
1089 1648 1404 1712 philosophia,
1433 1662 1482 1695 ut
1501 1684 1515 1707 ,
1544 1648 1636 1696 itu-

348 1741 424 1770 rus
456 1726 509 1771 ad
535 1726 701 1772 bellum
733 1724 1152 1773 Marcomannicum
1174 1760 1188 1783 ,
1224 1724 1483 1771 timentibus
1520 1740 1634 1771 cun-

350 1798 454 1856 ciis,
492 1818 546 1846 ne
583 1801 689 1864 quid
728 1800 859 1847 fatale
889 1799 1183 1863 proveniret,
1216 1812 1398 1861 rogatus
1436 1797 1508 1854 fit,
1535 1813 1631 1842 non

349 1874 626 1930 adulatione,
651 1874 720 1920 sed
737 1875 876 1933 serio,
894 1887 942 1921 ut
963 1887 1183 1935 praecepta
1207 1870 1505 1934 philosophiae
1524 1870 1632 1916 ede-

347 1959 442 1990 ret:
473 1962 556 1991 nec
587 1945 660 1991 ille
688 1946 836 1992 timuit
857 1982 871 2002 ,
890 1946 962 1992 sed
986 1962 1063 2008 per
1084 1945 1287 1992 ordinem
1316 1940 1599 2004 paraeneseon
1617 1975 1630 1995 ‚

347 2015 439 2063 hoc
479 2017 570 2072 est,
603 2016 960 2079 praeceptionum
982 2052 996 2074 ‚
1033 2032 1110 2078 per
1147 2014 1340 2060 triduum
1372 2011 1629 2075 disputavit.

345 2088 444 2134 Fuit
475 2103 687 2149 praeterea
723 2087 965 2149 disciplinae
1003 2085 1203 2133 militaris
1238 2084 1427 2133 Avidius
1457 2083 1627 2131 Caffius

345 2172 477 2206 tenax
496 2196 508 2216 ‚
535 2161 585 2206 &
607 2160 682 2222 qui
706 2159 746 2205 se
773 2161 965 2206 Marium
985 2159 1072 2206 dici
1095 2159 1245 2204 vellet.

423 2235 498 2280 1V.
530 2232 759 2292 Quoniam
794 2233 848 2279 de
882 2233 1116 2279 severitate
1151 2231 1270 2277 illius
1297 2230 1445 2277 dicere
1475 2227 1624 2291 coepi-

343 2322 466 2362 mus,
484 2306 620 2350 multa
643 2305 816 2351 exstant
836 2303 1080 2351 cudelitatis
1103 2303 1281 2365 potum,
1306 2319 1434 2365 quam
1462 2301 1624 2348 severi-

342 2378 443 2424 tatis
474 2378 598 2439 ejus,
623 2379 800 2426 indicia.
828 2395 926 2424 nam
952 2378 1144 2439 primum
1179 2377 1339 2423 milites
1358 2412 1370 2433 ,
1399 2375 1475 2439 qui
1510 2390 1622 2438 pro-

340 2453 610 2502 vincialibus
629 2453 795 2518 aliquid
812 2452 1004 2501 tulissent
1022 2468 1099 2515 per
1121 2451 1239 2512 vim,
1261 2451 1308 2498 in
1326 2450 1411 2497 illis
1430 2450 1530 2514 ipsis
1551 2449 1620 2496 lo-

1712 2482 1714 2522 l

1710 2582 1714 2594 1
