1714 2807
284 135 375 185 262
496 136 1367 187 AELIILAMPRIDII

284 245 599 292 Antoninorum
618 244 667 304 fi
690 246 919 307 cognoscat.
947 245 1158 302 Injuriam
1188 248 1327 291 Marci
1349 261 1394 291 ιιι
1423 241 1562 293 vindis

284 337 346 363 ca.
379 316 587 371 Injuriam
627 320 723 362 Veri
760 334 805 363 ιιι
832 321 1017 364 vindica.
1049 319 1260 375 Injuriam
1283 319 1478 382 Bqffiani
1513 336 1561 366 tu

284 393 469 439 vindica.
500 391 625 446 Pejor
648 395 871 438 Commodo
884 393 1007 452 solus
1033 394 1338 456 Heliogabalus
1345 412 1365 449 ;
1382 413 1453 439 nec
1473 397 1561 440 Im-

281 479 471 525 perator,
504 482 574 510 ntc
603 468 877 518 Antoninus,
907 483 978 510 nec
1009 468 1136 522 civis,
1166 485 1237 512 nec
1261 468 1452 527 senator,
1490 484 1562 512 nec

285 537 466 589 nobilis.
494 555 565 582 nec
593 537 824 583 Romanus.
858 541 911 583 In
943 554 979 582 te
991 539 1139 597 salus,
1164 541 1209 584 in
1235 555 1270 584 te
1293 539 1406 594 vita,
1434 554 1480 584 ut
1497 539 1563 584 vi-

285 629 372 658 vere
399 610 568 657 deleflec.
605 614 919 656 Antoninorum
950 614 1202 657 Alexandro
1233 613 1391 669 vitam,
1419 629 1463 658 ut
1493 614 1564 658 νὶ-

285 702 371 730 vere
391 685 571 738 delectet,
589 682 630 730 fr
651 687 905 729 Antoninus
928 701 1086 730 vocetur
1099 719 1111 740 ,
1135 687 1445 731 Antoninorum
1462 702 1564 731 tem-

281 759 360 815 pla
384 758 632 800 Antoninus
656 758 815 801 dedicet.
845 758 1025 801 Parthos
1060 754 1103 802 δ’
1136 758 1283 816 Persas·
1314 760 1563 803 Antoninus

287 830 442 874 vincat.
471 831 645 875 Sacrum
675 845 822 873 nomen
838 829 1032 888 sacratus
1065 832 1255 890 accipiat.
1285 832 1457 875 Sacrum
1488 847 1566 874 no-

263 901 380 946 'tnen
414 902 541 965 castus
574 903 766 960 accipiat.
796 905 1013 947 Antonini
1046 920 1221 959 nomen,
1251 903 1564 947 Antoninorum

290 989 458 1028 nomen,
490 973 578 1017 Dii
608 973 850 1032 construent.
877 975 931 1018 In
960 989 995 1018 te
1027 975 1202 1032 omnia,
1228 992 1301 1035 per
1327 989 1364 1019 te
1396 974 1567 1028 omnia,

291 1045 511 1089 Antonine
525 1079 536 1099 ,
559 1046 765 1089 habemus.
1574 1090 1577 1093 ,

358 1118 470 1162 Vlll.
496 1117 550 1161 Et
584 1116 680 1177 post
711 1115 1053 1164 acclamationes
1079 1117 1284 1165 Aurelius
1313 1117 1567 1165 Alexander

292 1187 441 1235 Caesar
476 1188 718 1250 Augustus:
748 1189 924 1234 Gratias
957 1193 1073 1235 robis
1093 1225 1105 1246 ,
1142 1192 1288 1236 Patres
1323 1191 1568 1252 conscripti,

292 1280 377 1307 non
400 1280 508 1307 nunc
526 1265 708 1322 primurn
724 1263 820 1320 ‚sed
844 1260 885 1307 ἃ
907 1265 954 1307 de
979 1265 1156 1323 Caesareo
1170 1267 1357 1317 nomine,
1374 1261 1415 1308 δ’
1439 1266 1486 1308 de
1503 1262 1570 1307 vi-

292 1353 337 1381 ta
378 1350 540 1390 ervata,
558 1332 601 1380 ξφ
626 1338 804 1401 Augusti
827 1338 994 1381 nomine
1018 1340 1188 1394 addito,
1204 1335 1247 1382 δ’
1271 1341 1318 1383 de
1335 1337 1570 1395 Pontifica-

292 1423 338 1454 ιιι
369 1411 583 1464 maximo,
614 1407 656 1454 G*
681 1413 728 1454 de
754 1410 976 1455 tribunicia
1003 1411 1193 1475 potestate
1224 1409 1266 1457 δ’
1292 1410 1570 1472 proconsula-

294 1485 327 1528 ri
354 1486 549 1543 imperio:
584 1501 669 1543 quae
700 1488 843 1529 omnia
869 1503 978 1531 novo
1009 1489 1195 1546 exemplo
1222 1504 1305 1531 uno
1338 1488 1402 1530 die
1431 1488 1569 1531 inme

294 1557 535 1617 contulistis.
560 1557 612 1600 Et
638 1572 737 1602 cum
759 1555 952 1612 diceret,
975 1557 1288 1604 acclamatum:
1313 1558 1412 1603 Haec
1427 1557 1570 1617 susce-

288 1630 412 1694 pisti,
442 1630 656 1673 Antonini
683 1646 831 1673 nomen
859 1644 905 1673 tu
921 1627 1112 1689 fitfiipd·
1138 1646 1334 1674 mereatur
1356 1634 1536 1675 Senatus
1553 1663 1570 1688 ‚

295 1715 525 1746 mereantur
540 1703 771 1747 Antonini.
787 1704 1003 1747 Antonine
1022 1705 1068 1746 A
1073 1702 1220 1769 uguste,
1239 1703 1327 1747 Dii
1343 1718 1379 1747 te
1387 1704 1570 1762 servent,

295 1775 385 1818 Dii
413 1790 449 1818 te
472 1776 741 1819 Antoninum
771 1775 1014 1834 conservent.
1042 1777 1220 1820 Monetae
1249 1793 1397 1820 nornen
1427 1779 1572 1821 Anto-

296 1849 391 1891 nini
419 1849 623 1892 reddatur.
652 1849 822 1907 Templa
853 1851 1165 1894 Antoninorum
1196 1849 1447 1893 Antoninus
1468 1867 1571 1893 con-

287 1923 429 1983 secret.
455 1921 659 1967 Aurelius
684 1922 935 1967 Alexander
961 1921 1204 1984 Augustus:
1226 1925 1288 1966 Ne
1307 1922 1436 1982 quaeso
1451 1955 1462 1976 ,
1484 1922 1573 1966 Pa-

298 2012 375 2041 tres
416 1997 661 2055 conscripti,
693 2014 741 2040 ne
780 2014 841 2041 me
871 1998 931 2041 ad
960 1998 1068 2041 lzanc
1102 1997 1336 2040 certaminis
1368 1986 1573 2057 neceffi'tad

298 2084 375 2112 tem
396 2069 544 2111 vocetis
561 2100 573 2121 ,
596 2083 640 2111 ut
656 2084 726 2127 ego
745 2084 867 2128 cogar
882 2083 999 2112 tanto
1017 2068 1181 2112 nomini
1186 2064 1430 2124 satisfiacere
1443 2083 1463 2120 ;
1483 2083 1573 2110 cum

299 2142 420 2184 etiarn
452 2142 524 2184 lzoc
552 2140 686 2199 ipsum
713 2158 884 2194 nomen,
912 2141 1002 2184 licet
1019 2142 1299 2200 peregrinum,
1319 2155 1455 2184 tamen
1471 2157 1575 2201 gra-

299 2232 394 2258 vare
413 2215 611 2258 videatur.
634 2214 738 2259 Haec
757 2215 863 2258 enim
881 2215 1055 2258 nomina
1077 2212 1258 2275 insignia
1276 2214 1445 2273 onerosa
1452 2214 1574 2273 sient.

303 2288 414 2347 Quis
449 2288 554 2331 enim
593 2288 820 2333 Ciceronem
852 2289 994 2332 diceret
1023 2287 1217 2331 mutum?
1243 2288 1334 2345 quis
1369 2287 1574 2330 indoflum

305 2362 528 2404 Varronem
540 2361 565 2404 ἓ
589 2361 684 2419 quis
714 2363 886 2420 impium
917 2360 1167 2405 Metellum?
1195 2361 1256 2404 Et
1291 2356 1360 2421 (ut
1385 2360 1459 2403 lzoc
1487 2359 1575 2403 Dii

300 2429 519 2495 avertant)
548 2436 640 2494 quis
663 2452 750 2480 non
778 2449 1000 2496 aequantem
1033 2435 1233 2490 nomina,
1254 2432 1369 2491 ferat
1393 2432 1578 2494 digeren-
