1637 2785
337 141 1011 187 EDITIONUM.
1178 155 1310 188 xxxx

204 258 360 297 quorum
381 258 494 283 unum
513 243 571 284 VI
588 244 697 283 habet
712 245 882 291 minores,
907 245 1208 296 comprehensam
1230 246 1315 285 facib

203 313 283 338 mus
305 298 484 350 duplicem
498 328 509 346 .,
533 298 682 336 alteram
708 311 828 350 1517,
847 311 928 349 quae
944 300 1082 349 Erasmi
1099 301 1139 339 δ(
1155 301 1314 340 Frobenii

205 365 324 400 curas,
339 352 597 403 [Bafiliensem
617 350 633 390 Ι
657 350 713 390 ed.
735 351 832 403 1518
850 353 889 391 <Si
903 350 1089 399 Juntinam
1112 352 1223 391 filiam
1246 355 1314 393 Al-

201 405 298 444 dinae
330 419 427 459 1519
456 404 652 457 praeceffit,
684 405 855 453 alteram,
884 419 966 457 quae
993 406 1031 443 iis
1057 405 1106 444 est
1133 407 1312 458 posterior

200 472 259 498 an.
286 472 385 511 1519
409 459 457 511 sq.
476 459 694 509 Erasmianae
717 460 883 507 repetitio
897 458 1067 498 Coloniae
1093 460 1182 512 Agr.
1213 475 1312 514 1527

200 511 306 560 fabia,
320 513 378 551 sed
396 513 436 551 ὃ(
458 512 508 550 est
529 511 729 551 Bafilienfis
742 511 788 558 ΙΙ,
808 525 920 565 1533,
944 513 985 551 &
1006 512 1080 560 ΙΙΙ,
1102 515 1214 565 1546,
1230 529 1311 567 quae

173 600 175 602 .
203 576 353 617 utraque
378 565 515 604 Erasmi
540 566 580 605 &
606 565 746 619 Egnatii
773 566 868 604 bona
900 565 1075 618 notasque
1115 569 1308 607 coniunfta

201 619 349 659 habent.
375 619 515 673 Egnatii
537 619 707 658 Aldinam
732 619 881 658 alteram
898 620 1006 658 secuti
1023 619 1100 657 sunt
1120 620 1217 659 Rob.
1235 625 1311 662 Ste-

199 674 344 724 phanus
366 675 399 711 in
420 673 566 712 edendis
581 672 724 725 Scriptt.
741 672 789 711 H.
808 674 856 712 A.
871 674 1070 712 minoribus
1094 687 1178 712 cum
1193 674 1312 725 Egna-

201 729 239 764 tii
260 728 376 773 notis,
407 740 526 779 1544,
550 726 590 765 ὃ(
612 726 696 766 Seb.
713 725 905 779 Gryphius
933 740 1044 779 1551.
1065 726 1310 769 Colieffiones

199 779 459 834 Lugdunenses
485 793 605 835 1552,
640 794 739 834 1559
764 783 804 820 ὅι
840 794 964 834 1592,
993 781 1109 820 Henr.
1131 785 1311 835 'Stephani

197 833 350 886 Corpus
377 834 510 887 scriptt.
537 833 615 873 hist.
634 833 747 873 Rom.
772 848 828 888 gr.
847 836 887 874 ὃ(
910 836 972 874 lar.
999 834 1123 887 1568,
1146 851 1187 875 ac
1210 837 1306 876 Frid.

198 889 384 941 Sylburgii
412 887 590 928 Colleffio
621 888 820 928 eorundem
858 888 1003 941 Scriptt.
1048 888 1172 942 1588,
1198 892 1305 929 etiam

197 941 342 995 Scriptt.
366 943 525 981 minores
540 942 697 989 habent,
712 942 798 982 illud
820 956 906 982 cum
928 944 1021 981 notis
1041 941 1207 997 Egnadi,
1229 945 1307 985 haec

194 1010 280 1035 cum
298 1010 395 1035 varr.
414 995 508 1035 lebit-

45 1050 147 1106 1516
170 1072 215 1081 —
239 1063 339 1104 ¹517
375 1053 528 1098 Veneta,
550 1050 642 1089 Aldi
664 1049 702 1097 1,
724 1049 762 1089 8.
793 1050 894 1101 Quae
919 1064 963 1089 ex
986 1049 1132 1089 officina
1158 1051 1243 1091 Aldi
1266 1053 1308 1091 &

201 1105 362 1144 Andreae
385 1102 508 1143 Soceri
534 1104 633 1156 1516
657 1105 790 1155 prodiit
812 1104 976 1143 colleffio
996 1104 1209 1158 scriptorum
1226 1106 1308 1146 hist.

200 1159 299 1212 Aug.
321 1172 404 1197 cura
425 1157 485 1205 Jo.
513 1157 619 1208 Bapt.
650 1159 826 1210 Egumii,
861 1159 971 1196 habet
997 1169 1142 1197 tantum
1170 1159 1307 1200 Sueto-

200 1213 303 1250 nium
316 1242 326 1259 ,
340 1210 376 1250 S.
392 1212 485 1251 Aur.
498 1211 688 1250 Viktorem
705 1242 715 1259 ‚
730 1212 948 1263 Eutropium
962 1212 1001 1250 ὅ(
1017 1211 1178 1251 Paullum
1195 1213 1307 1255 Diae.

198 1265 319 1305 Ceteri
339 1279 451 1311 vero,
479 1279 572 1318 quos
596 1265 773 1304 editiones
796 1268 961 1318 princeps
983 1266 1024 1305 ὅ(
1055 1266 1213 1306 Venetae
1242 1270 1307 1307 ha-

193 1320 279 1358 bent
300 1322 483 1368 minores,
497 1318 604 1358 serius
619 1319 781 1367 demum,
801 1320 902 1371 quod
923 1322 964 1359 &
982 1334 1027 1359 ex
1048 1319 1185 1360 Erasmi
1201 1324 1302 1375 praef,

199 1374 284 1412 edit.
305 1372 410 1413 Bafil.
431 1372 448 1412 Ι
470 1373 589 1426 colligi
614 1384 781 1425 poterat,
804 1375 898 1425 iique
915 1388 972 1413 an.
998 1387 1099 1428 1517
1113 1389 1159 1414 ex
1177 1378 1302 1415 eadem

195 1427 343 1466 officina
363 1427 450 1466 editi
465 1427 553 1467 sunt.
566 1426 708 1466 Recusa
721 1427 771 1466 est
784 1427 918 1479 duplex
937 1429 1013 1466 haec
1025 1429 1191 1468 collefflio
1210 1445 1306 1483 apuu

199 1482 338 1521 Aldum
356 1495 416 1520 an.
444 1494 541 1534 1519
562 1481 603 1520 &
628 1494 722 1533 1521
740 1497 751 1530 3
773 1482 867 1519 unde
888 1480 1053 1520 diffenfio
1073 1495 1155 1521 orta
1173 1497 1305 1536 negan-

195 1535 290 1574 tium
303 1536 363 1575 vel
375 1534 634 1574 affirmantium
656 1536 814 1587 priorem
832 1535 889 1573 ed.
906 1535 967 1574 vel
979 1534 1140 1587 ejusdem
1161 1539 1220 1576 ed.
1234 1552 1305 1577 vo·

199 1588 334 1627 lumina
362 1591 460 1628 varie
481 1589 644 1627 ordinata
666 1589 945 1642 disjungentium
957 1603 971 1638 3
993 1590 1054 1629 cui.
1078 1591 1231 1630 modum
1254 1591 1305 1631 fa-

197 1655 278 1680 cere
296 1643 400 1681 liceat
433 1656 476 1681 ea
497 1641 546 1680 fic
566 1643 793 1681 ordinando:

43 1696 146 1750 1516
200 1695 242 1733 ln
272 1698 335 1735 hoc
370 1697 540 1733 volumine
571 1697 641 1734 lzaec
670 1698 907 1734 continemur.-
946 1698 984 1736 C.
1010 1698 1173 1737 Suetonii
1198 1698 1306 1737 Tran-

198 1750 300 1801 quilii
323 1751 406 1788 XII
425 1751 582 1802 Caesares.
606 1751 705 1789 Sexti
727 1750 867 1788 Aurelii
887 1752 1039 1790 ViHor-is
1059 1768 1081 1790 a
1101 1753 1153 1791 D.
1178 1753 1306 1803 Caefizre

199 1804 356 1855 Augusto
370 1804 473 1855 usque
493 1805 542 1840 ad
568 1805 783 1855 Theodofium
806 1817 976 1856 excerpta.
1005 1807 1171 1858 Eutropii
1186 1808 1227 1844 de
1247 1821 1306 1859 ge-

190 1858 256 1909 Jlis
282 1859 514 1895 Romanorum
537 1858 614 1895 libri
635 1860 686 1896 X.
715 1858 826 1897 Pauli
847 1859 1011 1898 Dmconi
1036 1860 1114 1898 libri
1140 1860 1236 1898 VIII
1259 1862 1309 1898 ad

197 1911 360 1963 Eutropii
380 1911 552 1963 historiam
575 1912 701 1950 additi.
720 1933 765 1941 --
789 1910 830 1949 In
849 1912 979 1951 ultima
998 1915 1128 1966 pagina
1153 1914 1304 1967 legitur:

197 1965 356 2004 Veneriis
380 1966 418 2002 in
447 1965 579 2002 cedibus
611 1966 705 2003 Aldi
727 1965 762 2001 δ’
782 1966 938 2003 Andrean
961 1968 1075 2005 Soceri
1098 1972 1208 2017 mense
1229 1969 1310 2005 Au-

193 2020 289 2070 gusto
311 2018 512 2057 MDXVI.
533 2018 580 2057 cf.
603 2018 804 2056 Harlefium
826 2021 861 2056 in
881 2019 920 2057 N
927 2024 1006 2060 otit.
1029 2021 1118 2060 liter.
1139 2020 1252 2060 Rom.
1269 2021 1308 2061 P.

196 2072 236 2120 I,
257 2072 457 2119 Analekla,
472 2086 510 2124 p.
526 2071 621 2125 398,
644 2073 708 2110 ubi
731 2072 764 2110 se
787 2072 859 2124 ipse
882 2076 1067 2123 c.orrexit;
1090 2076 1128 2113 &
1145 2074 1307 2114 nostram

195 2128 359 2164 notitiam
385 2127 471 2164 liter.
494 2125 654 2164 Suetonii
680 2139 716 2177 p.
733 2125 843 2165 XVI.
872 2126 1044 2168 Iudicem
1069 2129 1241 2167 librorum
1265 2143 1309 2167 ex

194 2179 296 2218 offic.
321 2179 476 2229 Aldina,
497 2193 589 2232 quos
613 2178 816 2231 poffidebat
832 2179 886 2222 C.
905 2183 956 2223 G.
977 2183 1199 2222 Schwarzius
1215 2181 1313 2223 Prof.

198 2233 332 2273 Altorf.
351 2235 386 2271 ln
412 2234 474 2272 Fr.
495 2232 572 2281 Jac.
596 2232 775 2286 Beyschla
804 2235 825 2270 li
844 2233 1002 2289 Sylloge
1022 2251 1119 2274 vars,
1141 2235 1243 2288 Opp,
1259 2236 1308 2276 T,

197 2286 239 2334 l,
260 2287 344 2325 fasc.
370 2287 444 2333 Ill,
467 2301 503 2326 n.
526 2285 587 2334 X,
613 2302 647 2339 p.
666 2288 756 2336 650.
778 2247 967 2329 gF:.4‹stabat
991 2303 1137 2341 quoque
1159 2291 1194 2327 in
1221 2289 1313 2330 Bibl.

198 2340 233 2388 J.
254 2340 352 2393 Aug.
375 2341 523 2393 Ernestii
536 2371 548 2388 ‚
570 2341 656 2379 teste
674 2341 752 2393 ejus
773 2339 899 2386 Catal.
924 2359 958 2396 p.
980 2345 1051 2394 187
1076 2355 1111 2381 n.
1129 2343 1242 2382 2802.

41 2392 206 2451 (1517)
235 2395 278 2432 In
309 2397 371 2432 hoc
393 2395 564 2434 volumine
596 2396 667 2433 haec
690 2396 939 2438 continentur.-
967 2397 1120 2436 Ioannis
1146 2397 1313 2450 Baptistae

197 2447 345 2503 Egnatii
384 2450 502 2488 Veneti
527 2451 568 2487 de
603 2450 807 2501 Caesarilyus
829 2453 908 2491 libri
932 2452 994 2492 III
1013 2467 1037 2490 a
1057 2451 1217 2491 diffatore
1242 2453 1314 2493 Cae-
