1637 2785
314 172 674 221 CLODIUS
724 171 1098 220 ALBINUS.
1256 186 1345 235 179

71 281 293 325 Kalendas
317 280 582 334 Decembres,
612 281 672 324 ita
699 281 906 324 candidus
924 281 1067 344 stasim
1096 295 1179 324 toto
1208 297 1351 340 corpo-

71 370 135 407 re,
153 369 198 397 ut
212 353 430 396 linteamen
445 385 458 406 ,
477 369 554 410 quo
583 362 771 408 exceptus
791 351 863 414 est,
883 352 1066 394 vinceret.
1092 353 1231 412 Quare
1244 350 1354 411 sus-¹

73 441 227 485 ceptum
261 442 350 469 eum
377 458 391 480 ,
425 425 676 469 Albinorum
698 421 882 479 familia:
906 455 921 478 ,
963 440 1048 481 quae
1085 425 1191 467 mihi
1225 438 1352 469 tecum

74 499 301 544 communis
326 498 400 562 est,
422 498 542 551 dedi,
566 497 722 541 Albini
750 496 916 539 nomine
944 494 1148 558 imposito.
1175 497 1291 555 Fac,
1310 510 1355 541 ut

77 574 364 631 rempublicam
381 605 396 627 ‚
420 568 462 616 ἐξ
483 585 546 627 ce,
575 567 617 614 G*
641 586 721 614 nos
737 603 750 624 ,
778 584 823 613 ue
839 568 981 627 facis,
1008 571 1177 629 diligas.

143 644 200 689 V.
224 642 309 688 Hic
335 658 441 704 ergo
472 657 652 688 omnem
676 641 905 702 pueritiam
930 640 977 686 in
1009 639 1161 687 Africa
1188 640 1360 688 transe-

77 713 167 777 git,
194 715 393 760 eruditus
413 713 552 760 literis
572 713 741 759 Graecis
760 719 811 760 ae
846 713 1013 759 Latinis
1047 712 1364 771 mediocriter,

80 788 204 850 quod
227 786 329 834 esset
352 786 490 834 animi
518 786 603 847 jam
631 787 833 833 militaris
855 790 903 833 &
931 787 1121 849 superbi.
1141 791 1294 835 Fertur
1315 788 1365 836 in

84 859 249 908 scholis
274 859 501 922 saepiffime
530 859 718 906 cantasse
738 859 854 904 inter
884 859 1092 919 puerulos
1109 895 1123 916 ,

149 937 288 980 Arma
304 953 446 979 amens
465 936 608 993 capio,
628 934 782 992 necsat
799 934 979 978 rationis
998 936 1044 979 ἱιι
1063 936 1193 979 armis
1208 967 1223 992 ,

83 1021 288 1070 repetens
305 1044 318 1065 ,
348 1013 487 1054 Arma
512 1026 653 1054 amens
684 1012 817 1069 capio,

87 1082 206 1129 Huic
229 1082 365 1128 multa
390 1082 564 1143 imperii
586 1082 723 1144 signa,
745 1098 847 1130 cum
873 1079 977 1126 ess‘et
996 1093 1148 1137 natus,
1171 1079 1278 1128 faE'ta
1306 1079 1374 1128 did

85 1169 266 1205 cuntur.
290 1174 389 1203 nam
415 1157 464 1203 &
490 1156 572 1202 bos
593 1155 718 1200 albus
743 1154 976 1216 purpureis
1000 1154 1053 1200 ad
1080 1154 1258 1217 plenum
1291 1170 1373 1202 co-

87 1228 232 1275 lorem
268 1226 482 1274 cornibus
518 1238 647 1272 natus
684 1226 774 1283 est,
806 1227 933 1289 quod
970 1225 1220 1272 mirandum
1265 1224 1377 1274 fuit:

90 1318 191 1365 quae
223 1313 368 1348 tamen
401 1317 597 1358 cornua,
631 1300 677 1346 in
713 1300 886 1362 templo
926 1299 1150 1362 Apollinis
1180 1300 1377 1349 Cumani

90 1375 147 1421 ab
183 1375 341 1421 eodem
379 1373 515 1437 posita
551 1373 632 1433 jam
666 1375 910 1432 Tribuno,
941 1375 1015 1421 diu
1051 1374 1178 1421 fuiffe
1214 1375 1378 1422 dicun-

92 1458 165 1492 tur
181 1453 197 1494 ε’
207 1447 355 1509 quod,
376 1464 477 1494 cum
498 1447 571 1493 ille
590 1446 752 1494 sortem
779 1449 834 1494 de
857 1446 952 1493 fato
977 1448 1057 1494 suo
1075 1442 1253 1496 tolleret
1271 1485 1288 1507 ,
1310 1448 1378 1497 his

94 1521 297 1569 versibus
323 1521 464 1568 eidem
487 1521 647 1569 dicitur
671 1522 754 1568 esse
777 1521 1064 1582 responsum:

159 1595 243 1640 Hic
261 1614 340 1640 rem
368 1597 604 1640 Romanam
625 1612 777 1656 magno
800 1597 986 1639 turbante
1010 1600 1188 1641 tumultu

162 1669 282 1733 Slstet
297 1685 434 1727 eques:
446 1668 598 1730 sternet
616 1670 769 1712 Panos
785 1701 796 1723 ,
823 1668 1072 1727 Gallumque
1091 1671 1288 1715 rebellem.

99 1739 156 1785 Et
180 1740 225 1785 in
257 1740 401 1785 Gallia
440 1738 620 1801 quidem
653 1756 753 1784 eum
790 1739 950 1785 multas
985 1751 1136 1800 gentes
1167 1738 1384 1788 domuisse

101 1811 288 1859 constat.
309 1811 401 1874 Ipse
421 1824 565 1858 autem
587 1811 886 1872 suspicabatur
912 1811 964 1857 de
982 1812 1154 1859 Severo
1176 1811 1252 1858 fibi
1275 1830 1388 1875 prae-

102 1883 269 1929 dierum
290 1919 304 1941 ,
337 1888 496 1930 Sternet
527 1886 709 1937 Poerzos,
743 1885 869 1946 quod
907 1884 1144 1945 Septimius
1182 1883 1290 1931 Afer
1326 1885 1388 1931 es-

102 1954 178 2001 set.
204 1956 303 2001 Fuit
329 1958 376 2001 &
402 1955 520 2001 aliud
553 1956 725 2018 {ignum
760 1954 896 2001 futuri
930 1956 1116 2019 imperii.
1148 1958 1260 2004 Nam
1283 1973 1388 2004 cum

106 2026 354 2074 Caesariana
382 2027 547 2074 familia
576 2029 664 2075 hoc
693 2027 877 2089 speciaIe
906 2027 1132 2085 habuerit,
1152 2041 1391 2090 iit-parvu-

103 2101 138 2147 li
175 2102 334 2148 domus
360 2101 452 2161 ejus
483 2101 528 2147 in
554 2101 809 2148 testudineis
835 2101 974 2148 alveis
1002 2101 1290 2158 lavarentur3
1318 2119 1391 2148 na-

107 2186 157 2220 to
185 2174 408 2221 infantulo
429 2175 602 2222 testudo
631 2174 784 2237 ingens
813 2174 925 2237 patri
959 2173 1081 2235 ejus,
1108 2191 1291 2221 munere
1320 2173 1393 2237 pi-

109 2247 321 2306 scatoris,
350 2247 476 2295 allata
505 2247 589 2295 est:
616 2249 741 2311 quod
769 2248 843 2294 ille
873 2248 1016 2295 homo
1039 2248 1235 2293 literatus
1255 2264 1394 2294 omen

107 2321 355 2381 accipiens,
378 2322 427 2368 &
463 2320 726 2367 testudinem
752 2321 943 2367 libenter
978 2320 1179 2381 accepit,
1214 2321 1261 2367 &
1296 2337 1395 2367 eam

111 2392 257 2440 curari
282 2390 401 2453 juffit
417 2428 431 2449 ,
455 2405 588 2455 atque
610 2392 834 2439 infantulo
853 2395 906 2439 ad
930 2391 1264 2440 excaldationes
1288 2408 1398 2454 pue-

110 2465 212 2512 riles
233 2464 396 2525 dicari,
417 2464 748 2514 nobilitandum
773 2466 904 2514 etiem
931 2465 1037 2512 hinc
1067 2464 1259 2525 sperans.
1278 2465 1396 2512 Cum

1029 2539 1079 2583 M
1112 2555 1140 2586 2.-
