1637 2785
465 148 938 197 CARINUS.
1240 164 1331 210 249

57 263 230 306 nimium
253 278 432 314 avarus,
456 262 635 305 nimium
650 278 800 319 parcus
826 278 893 315 es,·
909 257 1043 319 joco,
1065 273 1160 303 non
1187 255 1300 302 serio
1317 292 1333 313 ,

58 331 374 378 Diocletianus
392 329 660 391 respondisse
679 330 818 376 fertur
832 367 844 387 ,
866 346 963 376 tunc
977 348 1040 375 ero
1059 335 1199 391 largus
1215 363 1228 383 ‚
1245 347 1336 373 cum

59 409 283 465 Imperator
302 403 438 462 fuero.
471 402 574 447 Post
603 403 726 464 quod
763 403 952 449 verbum
987 402 1151 448 Druias
1183 401 1339 448 dixisse

58 474 223 533 fertur,
246 476 515 521 Diocletiane
534 511 547 531 ,
568 475 705 531 jocari
736 477 848 520 noli:
867 494 967 521 nam
993 479 1216 538 Imperator
1233 477 1339 532 eris,

60 567 149 594 cum
169 543 331 609 Aprum
353 549 564 594 occideris.

124 623 252 669 XIV.
271 623 454 685 Semper
474 621 637 668 exinde
661 620 976 669 Diocletianus
1008 621 1055 667 in
1085 620 1237 667 animo
1264 620 1341 666 ha·

60 695 157 742 buit
192 695 368 758 imperii
399 696 715 758 cupiditatem,
744 696 877 758 idque
912 695 1192 742 Maximiano
1225 710 1344 741 con-

62 768 156 815 scio
172 803 187 826 ‚
203 781 337 831 atque
361 784 452 816 avo
474 784 602 826 meo,
626 767 699 815 cui
723 768 812 815 hoc
832 768 996 814 dictum
1014 783 1038 812 a
1056 765 1232 813 Druide
1252 764 1344 826 ipse

63 840 288 887 retulerat.
322 840 569 903 Denique,
600 854 648 886 ut
681 853 773 887 erat
803 840 916 888 altus
937 874 951 896 ,
985 838 1078 885 rifit
1111 841 1161 886 &
1192 837 1345 885 tacuit.

63 912 211 973 Apros
243 923 390 957 tamen
422 910 468 957 in
507 911 858 968 venationibus,
899 909 976 956 ubi
1013 908 1098 956 fuit
1132 908 1345 966 facultas,

63 1002 198 1032 manu
225 985 300 1032 sua
322 986 491 1048 semper
511 986 695 1034 occidit.
718 987 929 1050 Denique
952 1003 1055 1034 cum
1079 984 1348 1032 Aurelianus

64 1055 302 1119 imperium
336 1059 593 1122 accepisset,
624 1077 726 1106 cum
760 1061 963 1117 Probus,
1005 1076 1107 1107 cum
1137 1057 1348 1112 Tacitus,

65 1146 169 1179 cum
202 1130 292 1192 ipse
324 1133 492 1187 Carus;
527 1131 845 1179 Diocletianus
878 1130 1027 1188 dixit,
1064 1134 1159 1193 Ego
1186 1133 1349 1191 semper

65 1223 189 1264 apros
212 1208 375 1261 occido,
389 1206 472 1265 sed
491 1211 592 1252 alter
614 1207 776 1267 semper
801 1209 932 1252 utitur
946 1209 1230 1268 pulpamento.
1253 1205 1346 1250 Jam

67 1277 179 1324 illud
209 1291 366 1326 notum
396 1277 485 1333 est,
505 1290 638 1341 atque
670 1280 902 1342 vulgatum
919 1315 932 1336 ‚
954 1278 1108 1341 quod,
1129 1294 1230 1324 cum
1262 1293 1350 1324 oc-

66 1350 236 1398 cidisset
260 1355 430 1413 Aprum
452 1350 710 1399 Praefeftum
746 1350 977 1413 praetorii,
1008 1349 1162 1396 dixiffe
1184 1349 1348 1407 fertur,

70 1424 256 1469 Tandem
280 1423 411 1470 occidi
438 1428 605 1484 Aprum
619 1419 816 1480 finalem.
842 1422 986 1485 Ipsum
1006 1421 1348 1470 Diocletianum

69 1494 186 1541 idem
206 1512 315 1542 avus
342 1511 465 1542 meus
490 1495 643 1542 dixiffe
663 1495 861 1552 dicebat,
887 1495 1053 1540 nullam
1075 1494 1204 1541 aliam
1227 1494 1352 1542 fuisse

70 1567 149 1613 fibi
175 1566 343 1614 causam
371 1566 610 1614 occidendi
636 1584 768 1613 manu
795 1566 865 1613 sua
889 1569 1083 1628 Aprum,
1103 1566 1181 1612 nist
1201 1579 1250 1612 ut
1268 1567 1352 1613 im-

70 1639 211 1700 pleret
232 1638 422 1684 Druidis
443 1638 608 1684 elifium
625 1673 639 1695 ,
661 1640 711 1685 &
729 1638 854 1685 suum
877 1637 1070 1684 firmaret
1088 1638 1350 1700 imperium:

72 1728 169 1759 non
202 1712 320 1759 enim
358 1724 448 1757 tam
488 1710 712 1758 crudelem
754 1711 797 1758 se
830 1711 1110 1758 innotescere
1146 1721 1350 1771 cuperet,

72 1783 227 1847 primis
254 1784 445 1832 maxime
465 1783 619 1830 diebus
650 1783 824 1845 imperii
839 1819 853 1840 ‚
874 1783 953 1829 nisi
980 1783 1106 1829 illum
1127 1784 1353 1830 neceffitas

72 1859 127 1906 ad
157 1858 271 1903 hane
299 1858 579 1904 atrocitatem
611 1858 853 1905 occisionis
885 1859 1134 1905 attraheret.
1164 1857 1349 1904 Dictum

74 1931 136 1978 est
162 1930 214 1975 de
232 1932 378 1986 Car0,
395 1930 559 1977 difi‘tum
586 1930 718 1977 etiam
744 1930 797 1976 de
816 1930 1122 1978 Numeriano:
1158 1927 1351 1993 superest

74 2003 207 2050 nobis
224 2002 428 2051 Carinus,

445 2102 985 2164 CARINUS.

78 2232 185 2281 XV.
242 2191 541 2288 CARINUS,
570 2232 712 2278 homo
749 2232 952 2280 omnium
982 2230 1353 2281 contaminatiffi-

80 2319 177 2348 mus
194 2338 205 2358 5
225 2303 420 2359 adulter,
450 2303 656 2365 frequens
679 2319 923 2366 corruptor
938 2302 1214 2366 juventutis,
1236 2302 1350 2366 (pu-

81 2377 153 2424 det
180 2377 351 2435 dicere,
374 2377 497 2441 quod
527 2377 572 2424 in
598 2377 745 2427 literas
767 2377 1005 2424 Onesimus
1032 2376 1222 2439 retulit)
1262 2376 1352 2438 ipse

82 2467 263 2519 quoque
293 2452 407 2502 male
433 2451 533 2500 usus
551 2451 684 2519 genio
703 2451 829 2500 sexus
846 2451 925 2501 sui.
950 2451 1037 2500 Hic
1055 2467 1155 2500 cum
1178 2449 1351 2508 Caesar,
