1714 2807
326 183 418 230 250
559 156 1404 211 FLAV11VOP1SCI

323 269 512 320 decretis
550 269 628 315 fibi
659 266 817 316 Galliis
846 277 978 328 atque
1006 264 1159 322 Italia,
1194 262 1406 327 illyrico,
1438 260 1598 324 Hispa-⁴

323 345 408 392 niis
425 380 437 401 ‚
453 360 500 390 ac
520 341 761 390 Britanniis
781 341 828 387 &
845 339 995 386 Africa
1013 373 1026 395 ,
1044 338 1219 384 reliflus
1239 353 1260 382 a
1282 349 1403 397 patre
1417 371 1429 390 ,
1452 334 1600 381 Caesa-

322 418 498 463 rianum
529 427 697 462 teneret
728 412 959 475 imperium
981 446 996 470 ,
1029 410 1100 456 sed
1132 426 1180 456 ea
1212 410 1306 470 lege
1326 444 1338 463 ,
1374 420 1419 452 ut
1448 406 1604 454 omnia

323 490 514 546 faceret,
547 505 646 550 quae
682 486 863 550 Augusti
892 483 1084 537 faciunt,
1116 481 1374 528 enormibus
1406 480 1447 526 se
1482 478 1605 526 vitiis

325 564 376 610 &
417 561 586 624 ingenti
637 559 837 607 foeditate
877 555 1128 604 maculavit.
1182 553 1364 601 Amicos
1406 556 1607 613 optimos

327 634 529 700 quosque
560 632 799 696 relegavit:
833 631 1064 693 peffimum
1091 643 1310 691 quemque
1338 625 1498 689 elegit,
1533 635 1609 670 aut

327 709 500 756 tenuit:
530 706 792 754 ProefeEtum
822 704 920 750 urbi
955 719 1094 749 unum
1130 717 1185 747 ex
1219 699 1493 746 cancellariis
1521 697 1606 744 suis

328 782 460 836 fecit;
488 797 580 842 quo
614 778 780 824 faedius
808 792 892 823 nec
929 772 1121 837 cogitari
1151 771 1300 834 potuit
1334 769 1573 833 aliquando
1593 803 1610 827 ,

329 870 413 900 nec
439 852 542 898 dici.
577 848 836 895 Praefefflum
866 845 1094 910 praetorii,
1123 860 1256 905 quem
1286 842 1505 899 habebat,
1533 857 1610 888 oc·

331 926 466 974 cidit:
493 925 538 970 in
565 922 657 983 ejus
688 922 839 969 locum
868 917 1197 966 Matronianum
1218 952 1231 975 ,
1266 928 1464 961 veterem
1500 930 1612 961 con-

333 1001 614 1055 ciliatorem,
652 996 768 1043 fecit.
806 998 963 1043 Unum
999 1010 1054 1040 ex
1086 992 1154 1038 his
1191 990 1448 1045 notarium,
1479 1004 1612 1051 quem

333 1072 587 1135 stuprorum
627 1074 676 1117 ὅ(
718 1069 950 1116 libidinum
1003 1065 1231 1115 conscium
1274 1063 1443 1124 semper
1484 1077 1616 1126 atque

271 1203 273 1205 Ι
335 1146 586 1202 adiutorem
615 1145 858 1201 habuerat,
889 1142 1038 1189 invito
1073 1154 1194 1204 patre
1223 1138 1468 1186 Consulem
1496 1137 1616 1185 fecit.

336 1219 554 1280 Superbas
598 1218 653 1264 ad
689 1217 898 1264 Senatum
937 1216 1084 1261 literas
1125 1212 1259 1259 dedit.
1302 1211 1454 1273 Vulgo
1495 1211 1617 1258 urbis

336 1293 496 1338 Romae
514 1326 526 1346 ‚
551 1290 670 1352 quasi
701 1290 875 1352 populo
896 1289 1107 1334 Romano
1124 1323 1138 1342 ‚
1163 1287 1281 1330 bona
1303 1286 1486 1329 Senatus
1512 1300 1620 1345 pro-

338 1364 466 1411 misit.
507 1366 688 1409 Uxores
722 1363 931 1407 ducendo
964 1375 1013 1404 ac
1043 1356 1288 1416 rejiciendo
1327 1371 1494 1401 novem
1532 1355 1620 1400 du-

339 1437 430 1493 xit,
451 1436 585 1499 pulfis
609 1434 823 1498 plerisque
853 1431 1198 1494 praegnantibus.
1219 1427 1395 1483 Minus,
1418 1426 1621 1473 meretri-

340 1511 493 1569 cibus,
530 1507 849 1570 pantomimis,
885 1505 1144 1552 cantoribus
1175 1515 1308 1563 atque
1340 1500 1581 1547 lenonibus
1606 1536 1620 1556 ‚

340 1583 554 1630 Palatium
587 1579 808 1641 implevit.
846 1577 1080 1624 Fastidium
1112 1571 1413 1621 subscribendi
1448 1563 1622 1618 tantum

342 1656 526 1712 habuit,
554 1668 604 1702 ut
638 1655 861 1716 impurum
898 1650 1117 1711 quendam
1140 1683 1153 1704 ‚
1190 1664 1290 1694 cum
1323 1661 1416 1707 quo
1456 1644 1628 1707 semper

345 1727 529 1775 meridie
574 1726 807 1787 jocabatur
835 1759 850 1779 ‚
896 1724 949 1770 ad
994 1719 1351 1768 subscribendum
1398 1730 1630 1778 poneret:

347 1792 480 1865 quem
507 1798 770 1862 objurgabat
794 1798 1056 1860 plerumque
1071 1831 1084 1852 ,
1106 1793 1230 1857 quod
1249 1792 1361 1838 bene
1383 1789 1505 1837 suum
1523 1789 1628 1837 imi-

347 1885 515 1921 taretur
547 1872 812 1934 magistrum.

425 1947 550 1992 XVI.
583 1944 747 1991 Habuit
776 1957 970 2006 gemmas
1002 1941 1048 1987 in
1084 1937 1271 1987 calceis:
1301 1935 1380 1983 nifi
1413 1945 1630 1999 gemmata

352 2018 488 2065 fibula
523 2017 622 2063 usus
659 2034 751 2062 non
788 2016 873 2061 est:
900 2015 1090 2060 balteum
1125 2012 1255 2058 etiam
1294 2009 1406 2071 saepe
1438 2025 1633 2072 gemma-

353 2105 464 2139 tum.
480 2092 655 2153 Regem
693 2088 885 2149 denique
921 2087 1044 2133 illum
1076 2083 1246 2148 Illyrici
1277 2081 1474 2144 plerique
1505 2080 1634 2127 voci-

355 2177 518 2211 tarunt.
562 2159 784 2209 Praefeflis
822 2175 1083 2221 nunquam,
1135 2149 1409 2202 Consulibus
1448 2152 1634 2199 obviam

357 2237 582 2302 proceffit.
618 2233 890 2282 Hominibus
926 2230 1144 2294 improbis
1182 2227 1419 2291 plurimum
1450 2225 1636 2284 detulit,

359 2313 523 2373 eosque
552 2310 607 2356 acl
639 2307 908 2357 convivium
939 2305 1106 2364 semper
1132 2301 1336 2349 vocavit.
1363 2301 1554 2347 Centum
1582 2298 1637 2344 li·

361 2385 460 2430 bras
495 2381 678 2438 avium,
712 2387 890 2428 centum
918 2377 1130 2440 piscium,
1152 2374 1271 2419 mille
1291 2370 1474 2417 diversae
1494 2369 1639 2415 carnis

366 2455 413 2502 in
446 2453 675 2518 convivio
705 2453 784 2500 suo
823 2450 1077 2514 frequenter
1106 2445 1322 2495 exhibuit.
1355 2442 1465 2491 Vini
1499 2438 1638 2505 pluri-
