1714 2807
322 136 379 169 10
525 120 1399 169 AELIISPARTtANt

315 226 518 289 quantis,
545 226 683 273 multa
708 225 890 288 largitus
920 226 1001 273 est.
1028 226 1225 273 Feminas
1252 228 1517 286 nonnullas,
1542 231 1598 277 ad

315 301 640 348 sustentandam
668 299 806 346 vitam
824 336 838 356 ,
864 299 1077 346 sumtibus
1105 299 1232 361 juvit.
1267 301 1597 351 Gladiatorium

314 389 479 419 munus
505 388 584 434 per
603 372 674 418 sex
691 372 783 418 dies
801 373 1046 420 continuos
1070 373 1301 431 exhibuit;
1322 377 1371 423 &
1391 376 1511 422 mille
1533 375 1601 424 fe-,

315 462 385 493 ras
411 445 541 491 natali
573 444 653 490 suo
678 444 829 492 edidit.

382 519 495 563 vlu.
532 517 747 578 Optimos
779 515 984 579 quosque
1011 517 1065 564 de
1094 518 1243 565 senatu
1275 518 1320 565 in
1353 521 1600 568 contuber-

315 590 441 636 nium
463 590 762 651 Imperatoriae
784 589 1019 651 majestatis
1036 591 1235 638 adscivit.
1258 593 1408 639 Ludos
1428 593 1598 641 circen·

316 662 408 716 seS,
438 674 596 724 praeter
633 661 884 719 natalitios,
913 664 1119 711 decretos
1148 664 1226 711 fibi
1258 665 1447 727 sprevit:
1475 668 1523 714 δι
1549 667 1598 713 ἱη

317 736 568 792 concione,
601 736 649 782 &
676 733 722 780 in
749 734 900 782 senatu
929 736 1041 797 saepe
1069 737 1207 794 dixit,
1237 741 1360 800 itafe
1384 743 1600 800 rempubli-

316 828 406 856 cam
431 810 627 869 gesturum
642 843 655 864 ,
680 823 725 854 ut
738 809 864 868 fiiret
880 811 1029 870 populi
1049 829 1128 856 rem
1156 809 1250 874 effi,
1273 831 1357 857 non
1369 818 1603 874 propriam.

318 882 477 927 Tertio
505 882 736 937 consules,
769 899 868 928 cum
894 883 983 944 ipse
1014 894 1080 929 ter
1103 881 1270 941 fuisset,
1295 886 1439 946 plures
1471 886 1601 933 fecit:

318 953 522 1000 infinito<
549 968 693 1000 autem
721 954 900 1000 secundi
927 956 1181 1002 consulatus
1204 958 1378 1004 honore
1405 960 1602 1005 cumula-

318 1028 398 1074 vit.
433 1028 574 1089 [psum
604 1041 749 1073 autem
776 1028 954 1074 tertium
993 1028 1295 1079 consulatum,
1325 1033 1372 1078 &
1406 1048 1602 1091 quatuor

319 1101 541 1147 mensibus
566 1114 735 1146 tantum
766 1101 882 1161 egit,
911 1104 959 1148 δέ
985 1102 1029 1147 in
1061 1118 1116 1148 eo
1149 1102 1259 1161 saepe
1285 1101 1349 1161 jus
1377 1103 1502 1151 dixit.
1523 1106 1602 1151 Se·

318 1173 442 1219 natui
468 1174 692 1236 legitimo,
719 1190 817 1220 cum
855 1173 897 1219 in
930 1175 1053 1220 Urbe
1083 1175 1152 1220 ve]
1191 1173 1311 1233 juxta
1339 1177 1504 1223 Urbem
1534 1176 1602 1226 es-

319 1246 407 1297 set,
432 1246 600 1308 semper
640 1246 853 1292 interfuit.
886 1248 1070 1293 Senatus
1104 1247 1318 1310 fastigium
1351 1248 1395 1295 in
1429 1262 1602 1297 tantum

320 1320 500 1376 extulit,
536 1319 718 1366 difficile
750 1320 914 1366 faciens
945 1320 1192 1377 senatores,
1231 1333 1279 1366 ut
1318 1339 1418 1368 cum
1455 1323 1603 1370 Attia-

320 1408 429 1437 num
458 1408 512 1436 ex
549 1391 756 1451 praefeEtO
786 1392 1016 1452 praetorii,
1048 1392 1321 1439 ornamentis
1356 1394 1603 1440 consulari-³

320 1463 405 1510 bus
429 1464 686 1525 praeditum,
716 1464 878 1510 faceret
902 1464 1177 1524 senatorem,
1206 1465 1315 1511 nihil
1346 1465 1386 1513 se
1413 1467 1604 1528 amplius

320 1537 512 1595 habere,
537 1539 663 1600 quod
692 1538 736 1584 in
774 1555 872 1585 eum
906 1538 1103 1585 conferri
1142 1538 1309 1599 posset,
1345 1539 1604 1588 ostenderit.

318 1611 503 1673 Equites
533 1612 768 1658 Romanos
787 1629 881 1658 nec
912 1612 1001 1658 fine
1031 1611 1071 1658 se
1100 1611 1153 1657 de
1182 1611 1485 1669 senatoribus,
1519 1627 1604 1660 nec

321 1685 470 1732 secum
499 1684 694 1744 judicare
726 1685 935 1747 permifit.
967 1685 1068 1730 Erat
1100 1683 1218 1729 enim
1246 1696 1353 1729 tunc
1384 1696 1603 1741 mos,ut,

322 1772 424 1802 cum
452 1757 661 1818 Princeps
693 1757 841 1803 causas
874 1756 1192 1819 cognosceret,
1219 1756 1269 1802 &
1300 1754 1520 1802 senatores
1551 1757 1604 1803 &

321 1830 492 1892 equites
517 1831 751 1877 Romanos
772 1830 817 1875 in
840 1831 1074 1877 consilium
1102 1840 1314 1884 vocaret,
1339 1828 1599 1875 sententiam

320 1919 376 1948 ex
406 1903 610 1948 omnium
641 1902 961 1948 deliberatione
989 1901 1223 1964 proferret.
1251 1899 1511 1946 Exsecratus
1538 1900 1600 1947 est

319 1976 509 2037 denique
528 1977 770 2038 Principes,
785 1976 861 2038 qui
880 1977 1022 2022 minus
1039 1974 1314 2021 senatoribus
1331 1973 1599 2022 detulissent.

321 2051 573 2108 Serviano,
604 2049 770 2096 sororis
798 2049 927 2105 vim,
958 2049 1028 2096 cui
1057 2061 1230 2094 tantum
1270 2048 1450 2099 detulit,
1478 2060 1526 2094 ut
1560 2048 1602 2095 ei

323 2124 523 2170 venienti
565 2125 619 2171 de
657 2124 866 2171 cubiculo
909 2123 1078 2185 semper
1116 2123 1382 2178 occurrerit,
1420 2121 1600 2168 tertium

322 2197 628 2254 consulatum,
662 2214 744 2243 nec
781 2197 928 2244 secum
956 2211 1130 2253 tamen,
1168 2213 1267 2243 cum
1299 2196 1373 2242 ille
1400 2196 1467 2241 bis
1499 2207 1601 2241 ante

325 2271 597 2317 Hadrianum
622 2269 764 2316 fuiffet
779 2306 790 2328 ,
811 2287 864 2315 ne
884 2269 983 2316 esset
1012 2269 1211 2316 secunda:
1233 2268 1485 2326 sententiae,
1505 2282 1600 2312 non

323 2344 515 2407 petenti,
545 2361 594 2390 ac
625 2343 713 2389 fine
741 2343 1000 2405 precatione
1022 2342 1248 2389 conceflit.

389 2416 467 2462 1X.
491 2417 609 2463 Inter
632 2415 728 2464 haec
750 2428 896 2462 tamen
919 2418 965 2463 ὅ(
988 2415 1144 2462 multas
1164 2412 1423 2478 provincias
1443 2429 1466 2459 a
1483 2412 1598 2460 Tra-
