1637 2785
205 173 643 221 COMMODUS
686 176 1132 226 ANTONINUS.
1251 197 1331 244 ¹¹5

55 278 248 325 ciffimus
277 279 383 335 fuit,
410 280 532 343 quod
563 280 745 329 luxuriae
774 282 986 330 sumtibus
1017 285 1219 331 aerarium
1256 287 1340 332 mi-

57 368 228 398 nuerat.
249 353 481 399 Circenses
498 354 663 401 multos
683 355 851 401 addidit
878 373 934 401 ex
960 357 1144 402 libidine
1168 359 1342 419 potius,

58 441 190 487 quam
223 423 533 485 religione,&
563 438 610 471 ut
634 426 847 473 dominos
869 426 1110 475 saclionum
1138 430 1308 476 ditaret.

119 497 264 543 XV11.
309 498 390 543 His
427 498 632 554 incitati,
670 500 773 546 licet
809 500 941 548 nimis
972 502 1069 549 sero
1092 538 1105 557 ‚
1143 504 1344 562 Quintus

55 568 260 616 AEmilius
302 572 449 616 Laetus
480 570 711 634 praefectus
732 608 746 631 ‚
770 574 820 621 &
858 574 1052 633 Marcia,
1090 578 1344 624 concubina

52 640 169 702 ejus,
201 642 399 690 inierunt
422 642 785 705 conjurationem
818 648 871 693 ad
905 649 1202 696 occidendum
1228 667 1344 699 eum.

53 714 248 762 Primum
279 717 319 763 ei
351 734 575 765 venenum
617 720 866 766 dederunt:
898 722 1022 784 quod
1056 739 1156 770 cum
1197 726 1345 774 minus

56 803 341 852 operaretur,
371 793 688 853 per'athletam
706 829 719 850 ‚
752 811 851 841 cum
878 812 976 865 ,quo
1004 799 1200 845 exerceri
1233 800 1345 849 sole-

54 864 157 920 bat,
187 881 287 910 eum
317 863 721 928 strangulaverunt.
755 871 858 916 Fuit
886 884 1031 918 autem
1061 872 1207 920 forma
1245 892 1346 922 cor·

54 937 176 999 poris
204 935 345 998 justa,
381 940 512 986 vultu
543 940 754 989 insubido
774 977 787 997 ‚
816 956 864 990 ut
895 944 1057 992 ebriosi
1092 947 1235 995 solent
1257 985 1270 1006 ‚
1295 952 1347 998 &

53 1008 258 1056 sermone
285 1009 550 1068 incondito,
577 1013 743 1075 capillo
767 1015 937 1078 semper
957 1017 1111 1067 fucato
1129 1057 1142 1077 ‚
1178 1024 1227 1069 δι’
1247 1023 1347 1069 auri

56 1082 267 1127 ramentis
291 1082 571 1142 illuminato,
590 1086 780 1133 adurens
810 1105 986 1136 comam
1015 1094 1063 1140 δε
1091 1094 1269 1142 barbam
1291 1096 1349 1142 ti·

60 1173 188 1201 more
235 1156 447 1204 tonsoris.
481 1159 661 1221 Corpus
690 1160 784 1221 ejus
821 1174 870 1208 ut
900 1180 1022 1210 unco
1063 1167 1310 1214 traheretur
1333 1204 1349 1226 ,

55 1243 190 1291 atque
224 1228 270 1275 in
305 1229 504 1276 Tiberim
538 1232 811 1292 mitteretur,
845 1236 1028 1284 Senatus
1065 1240 1114 1287 &
1149 1241 1349 1303 populus

55 1301 331 1364 postulavit:
371 1303 441 1350 sed
473 1305 626 1367 postea
661 1306 775 1367 jussu
815 1310 1057 1359 Pertinacis
1094 1312 1140 1359 in
1178 1332 1347 1361 monu-

61 1387 263 1421 mentum
296 1376 513 1423 Hadriani
535 1379 798 1427 translatum
821 1383 894 1429 est.
916 1385 1068 1445 Opera
1099 1385 1218 1447 ejus,
1238 1406 1349 1450 prae·

57 1455 125 1492 ter
152 1447 412 1507 lavacrum,
435 1451 559 1512 quod
591 1452 812 1501 Cleander
842 1458 1027 1504 nomine
1059 1459 1191 1521 ipsius
1226 1460 1349 1508 fece-

57 1531 156 1575 rat,
186 1521 306 1567 nulla
332 1522 525 1571 exstant.
553 1524 626 1571 sed
658 1542 825 1571 nomen
858 1527 982 1588 ejus,
1011 1531 1164 1578 alienis
1200 1536 1350 1596 operi-

56 1590 140 1637 bus
174 1592 359 1640 incisum
382 1630 395 1652 ,
417 1596 602 1643 Senatus
632 1598 775 1645 erasit.
813 1616 896 1647 nec
936 1604 1071 1664 patris
1105 1616 1252 1652 autem
1282 1607 1351 1654 sui

58 1679 197 1725 opera
235 1664 438 1728 perfecit.
476 1669 664 1717 Classem
702 1671 958 1720 Africanam
994 1675 1214 1737 instituit,
1249 1697 1351 1740 qua:

60 1735 253 1784 subsidio
282 1740 408 1798 esset,
429 1741 458 1787 fi
488 1741 605 1790 forte
624 1745 928 1794 Alexandrina
957 1748 1177 1799 frumenta
1201 1755 1352 1801 ceffas-

60 1808 168 1855 sent.
206 1811 412 1859 Ridicule
445 1814 579 1861 etiam
614 1817 929 1881 Carthaginem
952 1856 965 1878 ,
1002 1827 1351 1874 Alexandrinam

61 1883 408 1943 Commodianam
423 1903 612 1950 togatam
629 1891 900 1953 appellavit:
917 1910 1017 1941 cum
1040 1898 1213 1945 classem
1236 1919 1353 1962 quo-

61 1971 149 2018 que
176 1956 431 2005 Africanam
449 1996 462 2019 ,
492 1966 837 2011 Commodianam
863 1968 1107 2015 Herculeam
1136 1974 1352 2035 appellas-

60 2027 137 2073 set.
164 2030 442 2077 Ornamenta
472 2033 573 2080 sane
602 2037 805 2097 quaedam
834 2038 1010 2086 coloffo
1040 2043 1232 2092 addidit:
1251 2063 1352 2108 quae

63 2101 214 2163 postea
253 2106 409 2152 cuncta
452 2107 614 2156 sublata
659 2111 772 2159 sunt.
812 2114 988 2161 Coloffi
1031 2130 1177 2165 autem
1218 2133 1353 2182 caput
1389 2121 1393 2125 ’

62 2175 244 2233 demsit‚
272 2181 397 2242 quod
427 2182 627 2231 Neronis
656 2185 786 2244 effet,
816 2205 865 2236 ac
885 2189 1007 2236 suum
1039 2191 1280 2255 imposuit:
1303 2196 1353 2243 &

62 2248 244 2295 titulum
270 2267 395 2299 more
419 2254 556 2302 solito
577 2256 854 2321 subscripsit,
881 2261 941 2308 ita
963 2276 1013 2309 ut
1036 2265 1162 2312 illum
1184 2269 1353 2330 gladia-

61 2321 229 2366 torium
264 2322 566 2374 effeminatum
598 2346 691 2375 non
728 2335 1095 2394 praetermitteret.
1126 2339 1258 2388 Hunc
1277 2355 1347 2388 ta-

60 2407 162 2437 men
183 2393 374 2442 Severus
395 2398 643 2459 Imperator
666 2405 814 2466 gravis
831 2441 843 2460 ,
872 2408 920 2453 &
938 2408 1011 2452 vir
1040 2411 1237 2457 nominis
1258 2413 1353 2473 sui,

63 2462 175 2509 odio
195 2499 207 2523 ,
241 2465 323 2526 (ut
355 2469 570 2535 videtur)
608 2474 825 2535 Senatus,
858 2478 974 2526 inter
1005 2482 1132 2530 Deos
1168 2487 1353 2549 retulit,

988 2556 1094 2603 Hz
